%
% CCA Bibliography on
% Constructivity, Computability and Complexity in Analysis
%
% http://www.informatik.fernuni-hagen.de/cca/
%
% (c) 2000, Vasco Brattka, FernUni Hagen
%

@Article{AAFHS99,
  author = {Apsitis, Kalvis and Arikawa, Setsuo and Freivalds, Rusins and
  Hirowatar, Eiju and Smith, Carl H.},
  title = {On the inductive inference of recursive real-valued functions},
  journal = {Theoretical Computer Science},
  year = {1999},
  volume = {219},
  pages = {3--17}
}

@Article{Abe68,
  author = {Aberth, Oliver},
  title = {Analysis in the Computable Number Field},
  journal = {Journal of the Association for Computing Machinery},
  year = {1968},
  volume = {15},
  pages = {275--299}
}

@Article{Abe69,
  author = {Aberth, Oliver},
  title = {A Chain of Inclusion Relations in Computable Analysis},
  journal = {Proceedings of the American Mathematical Society},
  year = {1969},
  volume = {22},
  pages = {539--548}
}

@InProceedings{Abe70,
  author = {Aberth, Oliver},
  title = {Computable analysis and differential equations},
  booktitle = {Intuitionism and Proof Theory},
  editor = {Kino, A. and Myhill, J. and Vesley, R.E.},
  year = {1970},
  series = {Studies in Logic and The Foundations of Mathematics},
  pages = {47--52},
  publisher = {North-Holland},
  address = {Amsterdam},
  note = {Proc. of the Summer Conf. at Buffalo N.Y. 1968}
}

@Article{Abe71,
  author = {Aberth, Oliver},
  title = {The failure in computable analysis of a classical existence theorem
  for differential equations},
  journal = {Proceedings of the American Mathematical Society},
  year = {1971},
  volume = {30},
  pages = {151--156}
}

@Book{Abe80,
  author = {Aberth, Oliver},
  title = {Computable Analysis},
  year = {1980},
  publisher = {McGraw-Hill},
  address = {New York}
}

@Book{BB85,
  author = {Bishop, Errett and Bridges, Douglas S.},
  title = {Constructive Analysis},
  year = {1985},
  series = {Grundlehren der mathematischen Wissenschaften},
  volume = {279},
  publisher = {Springer},
  address = {Berlin}
}

@TechReport{BBHW00,
  author = {Blanck, Jens and Brattka, Vasco and Hertling, Peter and Weihrauch,
  Klaus},
  title = {Computability and Complexity in Analysis},
  year = {2000},
  month = {September},
  number = {272},
  type = {Informatik Berichte},
  institution = {FernUniversit\"at Hagen},
  address = {Hagen},
  note = {CCA2000 Workshop, Swansea, Wales, September 17--19, 2000}
}

@Book{BC72,
  author = {Bishop, E. and Cheng, H.},
  title = {Constructive {M}easure {T}heory},
  year = {1972},
  publisher = {American Mathematical Society},
  address = {Providence}
}

@InProceedings{BCJMR81,
  author = {Bridges, Douglas and Calder, Allan and Julian, William and Mines,
  Ray and Richman, Fred},
  title = {Locating metric complements in ${\bf R}^n$},
  booktitle = {Constructive Mathematics},
  editor = {Richman, F.},
  year = {1981},
  series = {Lecture Notes in Mathematics},
  volume = {873},
  pages = {241--249},
  note = {Proc. New Mexico State Univ. Conf., Aug. 11--15, 1980, Las Cruces,
  NM}
}

@Article{BCJMR81a,
  author = {Bridges, Douglas and Calder, Allan and Julian, William and Mines,
  Ray and Richman, Fred},
  title = {Bounded linear mappings of finite rank},
  journal = {Journal of Functional Analysis},
  year = {1981},
  volume = {43},
  number = {2},
  pages = {143--148}
}

@Article{BCJMR82,
  author = {Bridges, Douglas and Calder, Allan and Julian, William and Mines,
  Ray and Richman, Fred},
  title = {Picard's theorem},
  journal = {Trans. Amer. Math. Soc.},
  year = {1982},
  volume = {269},
  number = {2},
  pages = {513--520}
}

@Article{BCPS99,
  author = {Bridges, D. and Calude, C. and Pavlov, B. and
  {\c{S}}tef{\u{a}}nescu, D.},
  title = {The constructive implicit function theorem and applications in
  mechanics},
  journal = {Chaos, Solitons and Fractals},
  year = {1999},
  volume = {10},
  number = {6},
  pages = {927--934}
}

@Article{BD91,
  author = {Bridges, Douglas and Demuth, Osvald},
  title = {On the {L}ebesgue measurability of continuous functions in
  constructive analysis},
  journal = {BAMS},
  year = {1991},
  volume = {24},
  number = {2},
  pages = {259--276}
}

@Article{BD97,
  author = {Bridges, Douglas and Dediu, Lumini{\c{t}}a},
  title = {Paradise lost, or paradise regained?},
  journal = {Bulletin of the European Association for Theoretical Computer
  Science},
  year = {1997},
  volume = {63},
  pages = {141--155}
}

@Article{BD98,
  author = {Bridges, D. S. and Dudley Ward, N. F.},
  title = {Constructing ultraweakly continuous functionals on $ {B}({H})$},
  journal = {Proceedings of the American Mathematical Society},
  year = {1998},
  volume = {126},
  number = {11},
  pages = {3347--3353}
}

@Article{BD99,
  author = {Bridges, Douglas and Dediu, Lumini{\c{t}}a},
  title = {Weak continuity properties in constructive analysis},
  journal = {Logic Journal of the IGPL. Interest Group in Pure and Applied
  Logics},
  year = {1999},
  volume = {7},
  number = {3},
  pages = {277--281}
}

@Article{BD99a,
  author = {Bridges, Douglas and Dediu, Lumini{\c{t}}a},
  title = {Weak-operator continuity and the existence of adjoints},
  journal = {Mathematical Logic Quarterly},
  year = {1999},
  volume = {45},
  number = {2},
  pages = {203--206}
}

@TechReport{BH94,
  author = {Brattka, Vasco and Hertling, Peter},
  title = {Continuity and computability of relations},
  year = {1994},
  month = {September},
  number = {164},
  type = {Informatik Berichte},
  institution = {FernUniversit\"at Hagen},
  address = {Hagen}
}

@Article{BH98,
  author = {Brattka, Vasco and Hertling, Peter},
  title = {Feasible real random access machines},
  journal = {Journal of Complexity},
  year = {1998},
  volume = {14},
  number = {4},
  pages = {490--526}
}

@Article{BI90,
  author = {Bridges, Douglas and Ishihara, Hajime},
  title = {Linear mappings are fairly well-behaved},
  journal = {Archiv der Mathematik. Archives of Mathematics. Archives
  Math\'ematiques},
  year = {1990},
  volume = {54},
  number = {6},
  pages = {558--562}
}

@Article{BI92,
  author = {Bridges, Douglas and Ishihara, Hajime},
  title = {Locating the range of an operator on a {H}ilbert space},
  journal = {The Bulletin of the London Mathematical Society},
  year = {1992},
  volume = {24},
  number = {6},
  pages = {599--605}
}

@Article{BI94,
  author = {Bridges, Douglas S. and Ishihara, Hajime},
  title = {Complements of intersections in constructive mathematics},
  journal = {Mathematical Logic Quarterly},
  year = {1994},
  volume = {40},
  number = {1},
  pages = {35--43}
}

@Article{BI94a,
  author = {Bridges, Douglas and Ishihara, Hajime},
  title = {Absolute continuity and the uniqueness of the constructive
  functional calculus},
  journal = {Mathematical Logic Quarterly},
  year = {1994},
  volume = {40},
  number = {4},
  pages = {519--527}
}

@Article{BI94b,
  author = {Bridges, Douglas S. and Ishihara, Hajime},
  title = {Erratum: ``{C}omplements of intersections in constructive
  mathematics''},
  journal = {Mathematical Logic Quarterly},
  year = {1994},
  volume = {40},
  number = {4},
  pages = {570}
}

@Article{BI96,
  author = {Bridges, Douglas and Ishihara, Hajime},
  title = {Spectra of selfadjoint operators in constructive analysis},
  journal = {Indagationes Mathematicae},
  year = {1996},
  volume = {7},
  number = {1},
  pages = {11--35}
}

@Article{BI98,
  author = {Bridges, Douglas and Ishihara, Hajime},
  title = {A definite constructive open mapping theorem?},
  journal = {Mathematical Logic Quarterly},
  year = {1998},
  volume = {44},
  number = {4},
  pages = {545--552}
}

@Article{BJM89,
  author = {Bridges, Douglas and Julian, William and Mines, Ray},
  title = {A constructive treatment of open and unopen mapping theorems},
  journal = {Zeitschrift f\"ur Mathematische Logik und Grundlagen der
  Mathematik},
  year = {1989},
  volume = {35},
  number = {1},
  pages = {29--43}
}

@Article{BJRM92,
  author = {Bridges, D.S. and Julian, W.H. and Richman, F. and Mines, R.},
  title = {Extensions and fixed points of contractive maps in ${\bf R}^n$},
  journal = {J. Math. Anal. Appl.},
  year = {1992},
  volume = {165},
  pages = {438--456}
}

@InProceedings{BK98,
  author = {Brattka, Vasco and Kalantari, Iraj},
  title = {A Bibliography of Recursive Analysis and Recursive Topology},
  booktitle = {Handbook of Recursive Mathematics},
  editor = {Ershov, Yu. L. and Goncharov, S.S. and Nerode, A. and Remmel,
  J.B.},
  year = {1998},
  series = {Studies in Logic and The Foundations of Mathematics},
  volume = {138},
  pages = {583--620},
  publisher = {Elsevier},
  address = {Amsterdam},
  note = {Volume 1, Recursive Model Theory}
}

@InProceedings{BL00,
  author = {Burrows, Ashley and Lester, David},
  title = {Exact Arithmetic and the {K}orteweg-de {V}ries Equation},
  booktitle = {Computability and Complexity in Analysis},
  editor = {Blanck, Jens and Brattka, Vasco and Hertling, Peter and Weihrauch,
  Klaus},
  year = {2000},
  month = {September},
  series = {Informatik Berichte},
  volume = {272},
  pages = {23--41},
  publisher = {FernUniversit\"at Hagen},
  note = {CCA2000 Workshop, Swansea, Wales, September 17--19, 2000}
}

@Article{BM00,
  author = {Bridges, Douglas and Mahalanobis, Ayan},
  title = {Sequential continuity of functions in constructive analysis},
  journal = {Mathematical Logic Quarterly},
  year = {2000},
  volume = {46},
  number = {1},
  pages = {139--143}
}

@Article{BM37,
  author = {Banach, S. and Mazur, S.},
  title = {Sur les fonctions calculables},
  journal = {Ann. Soc. Pol. de Math.},
  year = {1937},
  volume = {16},
  pages = {223}
}

@Article{BM84,
  author = {Bridges, D.S. and Mines, R.},
  title = {What is constructive mathematics?},
  journal = {The Mathematical Intelligencer},
  year = {1984},
  volume = {6},
  number = {4},
  pages = {32--38}
}

@Article{BM98,
  author = {Bridges, Douglas and Mines, Ray},
  title = {Sequentially continuous linear mappings in constructive analysis},
  journal = {The Journal of Symbolic Logic},
  year = {1998},
  volume = {63},
  number = {2},
  pages = {579--583}
}

@Article{BR87,
  author = {Brady, S.S. and Remmel, J.B.},
  title = {The undecidability of the lattice of r.e. closed subsets of an
  effective topological space},
  journal = {Annals of Pure and Applied Logic},
  year = {1987},
  volume = {35},
  pages = {193--203}
}

@Book{BR87a,
  author = {Bridges, D.S. and Richman, F.},
  title = {Varieties of Constructive Mathematics},
  year = {1987},
  series = {Lecture Note Ser.},
  volume = {97},
  publisher = {London Math. Soc.},
  address = {London}
}

@Article{BR91,
  author = {Bridges, Douglas S. and Richman, Fred},
  title = {A recursive counterexample to {D}ebreu's theorem on the existence of
  a utility function},
  journal = {Mathematical Social Sciences},
  year = {1991},
  volume = {21},
  number = {2},
  pages = {179--182}
}

@Article{BR99,
  author = {Bridges, Douglas and Reeves, Steve},
  title = {Constructive mathematics in theory and programming practice},
  journal = {Philosophia Mathematica. Philosophy of Mathematics, its Learning,
  and its Application. Series III},
  year = {1999},
  volume = {7},
  number = {1},
  pages = {65--104},
  note = {Mathematical proof}
}

@Article{BRJM92,
  author = {Bridges, D. S. and Richman, F. and Julian, W. H. and Mines, R.},
  title = {Extensions and fixed points of contractive maps in ${\bf{R}}\sp n$},
  journal = {Journal of Mathematical Analysis and Applications},
  year = {1992},
  volume = {165},
  number = {2},
  pages = {438--456}
}

@Article{BRS00,
  author = {Bridges, Douglas and Richman, Fred and Schuster, Peter},
  title = {Linear independence without choice},
  journal = {Annals of Pure and Applied Logic},
  year = {2000},
  volume = {101},
  number = {1},
  pages = {95--102}
}

@Article{BRS00a,
  author = {Bridges, Douglas and Richman, Fred and Schuster, Peter},
  title = {A weak countable choice principle},
  journal = {Proceedings of the American Mathematical Society}
}

@Article{BRY96,
  author = {Bridges, Douglas and Richman, Fred and Yuchuan, Wang},
  title = {Sets, complements and boundaries},
  journal = {Indagationes Mathematicae},
  year = {1996},
  volume = {7},
  number = {4},
  pages = {425--445}
}

@Article{BV98,
  author = {Boldi, Paolo and Vigna, Sebastiano},
  title = {$\delta$-uniform {BSS} Machines},
  journal = {Journal of Complexity},
  year = {1998},
  volume = {14},
  number = {2},
  pages = {234--256}
}

@Article{BV99,
  author = {Boldi, Paolo and Vigna, Sebastiano},
  title = {Equality is a Jump},
  journal = {Theoretical Computer Science},
  year = {1999},
  volume = {219},
  pages = {49--64}
}

@Article{BW97,
  author = {Bridges, Douglas and Wang, Yuchuan},
  title = {Constructive aspects of the {D}irichlet problem},
  journal = {Journal of Universal Computer Science},
  year = {1997},
  volume = {3},
  number = {11},
  pages = {1148--1161 (electronic)},
  note = {Proceedings of the First Japan-New Zealand Workshop on Logic in
  Computer Science (Auckland, 1997)}
}

@Article{BW97a,
  author = {Bridges, Douglas and Wang, Yuchuan},
  title = {Constructing cutoff functions},
  journal = {New Zealand Journal of Mathematics},
  year = {1997},
  volume = {26},
  number = {1},
  pages = {25--30}
}

@Article{BW98a,
  author = {Bridges, Douglas and Wang, Yuchuan},
  title = {Constructive weak solutions of the {D}irichlet problem},
  journal = {The Journal of the London Mathematical Society. Second Series},
  year = {1998},
  volume = {57},
  number = {3},
  pages = {655--667}
}

@Article{BW98b,
  author = {Bridges, Douglas and Wang, Yuchuan},
  title = {Constructing best approximations on a {J}ordan curve},
  journal = {Journal of Approximation Theory},
  year = {1998},
  volume = {94},
  number = {2},
  pages = {222--234}
}

@Article{BW98c,
  author = {Bridges, Douglas and Wang, Yuchuan},
  title = {Weak solutions of the {D}irichlet problem and the locatedness of
  ${H}\sp 1\sb 0(\Omega)$},
  journal = {New Zealand Journal of Mathematics},
  year = {1998},
  volume = {27},
  number = {1},
  pages = {1--5}
}

@Article{BW99,
  author = {Brattka, Vasco and Weihrauch, Klaus},
  title = {Computability on Subsets of {E}uclidean Space {I}: Closed and
  Compact Subsets},
  journal = {Theoretical Computer Science},
  year = {1999},
  volume = {219},
  pages = {65--93}
}

@Article{Bae83,
  author = {Baez, J.C.},
  title = {Recursivity in quantum mechanics},
  journal = {Trans. Amer. Math. Soc.},
  year = {1983},
  volume = {280},
  pages = {339--350}
}

@Article{Bai85,
  author = {Baigger, G.},
  title = {Die {N}ichtkonstruktivit{\"a}t des {B}rouwerschen {F}ixpunktsatzes},
  journal = {Arch. Math. Logik Grundlag.},
  year = {1985},
  volume = {25},
  pages = {183--188}
}

@Article{Bai99,
  author = {Baire, R.},
  title = {Sur les fonctions des variables reeles},
  journal = {Annali di matematica pura ed applicata},
  year = {1899},
  series = {3},
  volume = {3},
  pages = {1--123}
}

@Book{Bee85,
  author = {Beeson, M.J.},
  title = {Foundations of {C}onstructive {M}athematics},
  year = {1985},
  series = {Ergeb. Math. Grenzgeb.},
  publisher = {Springer-Verlag},
  address = {Berlin}
}

@InProceedings{Bis66,
  author = {Bishop, Errett},
  title = {Constructive {M}ethods in the {T}heory of {B}anach {A}lgebras},
  booktitle = {Function Algebras},
  editor = {Birtel, F.T.},
  year = {1966},
  pages = {343--345},
  publisher = {Scott-Foresman},
  address = {Chicago},
  note = {Proc. Internat. Sympos. on Function Algebras, Tulane Univ., 1965}
}

@Book{Bis67,
  author = {Bishop, Errett},
  title = {Foundations of Constructive Analysis},
  year = {1967},
  publisher = {McGraw-Hill},
  address = {New York}
}

@Article{Bis67a,
  author = {Bishop, Errett},
  title = {A constructive ergodic theorem},
  journal = {J. Math. Mech.},
  year = {1967/1968},
  volume = {17},
  pages = {631--639}
}

@Article{Bis68,
  author = {Bishop, Errett},
  title = {The constructivization of abstract mathematical analysis},
  journal = {Izdat. Mir},
  year = {1968},
  pages = {308--313},
  note = {Proc. Internat. Congr. Math., Moscow, 1968}
}

@InProceedings{Bla95,
  author = {Bl{\"a}ser, Markus},
  title = {Uniform computational complexity of the derivatives of
  {$C^\infty$}-functions},
  booktitle = {Computability and Complexity in Analysis},
  editor = {Ko, Ker-I and Weihrauch, Klaus},
  year = {1995},
  month = {September},
  series = {Informatik Berichte},
  volume = {190},
  pages = {99--104},
  publisher = {FernUniversit\"at Hagen},
  note = {CCA Workshop, Hagen, August 19--20, 1995}
}

@Article{Bla97,
  author = {Blanck, Jens},
  title = {Domain representability of metric spaces},
  journal = {Annals of Pure and Applied Logic},
  year = {1997},
  volume = {83},
  pages = {225--247}
}

@PhdThesis{Bla97a,
  author = {Blanck, Jens},
  title = {Computability on topological spaces by effective domain
  representations},
  year = {1997},
  school = {Uppsala University, Department of Mathematics},
  address = {Uppsala, Sweden}
}

@Article{Bla99,
  author = {Blanck, Jens},
  title = {Effective domain representations of {$H(X)$}, the space of compact
  subsets},
  journal = {Theoretical Computer Science},
  year = {1999},
  volume = {219},
  pages = {19--48}
}

@InProceedings{Bra00b,
  author = {Brattka, Vasco},
  title = {A Computable {K}olmogorov Superposition Theorem},
  booktitle = {Computability and Complexity in Analysis},
  editor = {Blanck, Jens and Brattka, Vasco and Hertling, Peter and Weihrauch,
  Klaus},
  year = {2000},
  month = {September},
  series = {Informatik Berichte},
  volume = {272},
  pages = {7--22},
  publisher = {FernUniversit\"at Hagen},
  note = {CCA2000 Workshop, Swansea, Wales, September 17--19, 2000}
}

@InProceedings{Bra95,
  author = {Brattka, Vasco},
  title = {Computable selection in analysis},
  booktitle = {Computability and Complexity in Analysis},
  editor = {Ko, Ker-I and Weihrauch, Klaus},
  year = {1995},
  month = {September},
  series = {Informatik Berichte},
  volume = {190},
  pages = {125--138},
  publisher = {FernUniversit\"at Hagen},
  note = {CCA Workshop, Hagen, August 19--20, 1995}
}

@Article{Bra96,
  author = {Brattka, Vasco},
  title = {Recursive characterization of computable real-valued functions and
  relations},
  journal = {Theoretical Computer Science},
  year = {1996},
  volume = {162},
  pages = {45--77}
}

@Article{Bra97,
  author = {Brattka, Vasco},
  title = {Order-free Recursion on the Real Numbers},
  journal = {Mathematical Logic Quarterly},
  year = {1997},
  volume = {43},
  pages = {216--234}
}

@Article{Bra99,
  author = {Brattka, Vasco},
  title = {Computable invariance},
  journal = {Theoretical Computer Science},
  year = {1999},
  volume = {210},
  pages = {3--20}
}

@InProceedings{Bra99a,
  author = {Brattka, Vasco},
  title = {A Stability Theorem for Recursive Analysis},
  booktitle = {Combinatorics, Computation \& Logic},
  editor = {Cristian S. Calude and Michael J. Dinneen},
  year = {1999},
  series = {Discrete Mathematics and Theoretical Computer Science},
  pages = {144--158},
  publisher = {Springer},
  address = {Singapore},
  note = {Proceedings of DMTCS'99 and CATS'99, Auckland, New Zealand, January
  1999}
}

@TechReport{Bra99b,
  author = {Brattka, Vasco},
  title = {Recursive and Computable Operations over Topological Structures},
  year = {1999},
  month = {July},
  number = {255},
  type = {Informatik Berichte},
  institution = {FernUniversit\"at Hagen, Fachbereich Informatik},
  address = {Hagen},
  note = {Dissertation}
}

@Article{Bri76,
  author = {Bridges, Douglas S.},
  title = {Some notes on continuity in constructive analysis},
  journal = {Bull. London Math. Soc.},
  year = {1976},
  volume = {8},
  number = {2},
  pages = {179--182}
}

@Article{Bri77,
  author = {Bridges, Douglas S.},
  title = {A constructive look at orthonormal bases in {H}ilbert space},
  journal = {Amer. Math. Monthly},
  year = {1977},
  volume = {84},
  number = {3},
  pages = {189--191}
}

@Article{Bri77a,
  author = {Bridges, Douglas S.},
  title = {The constructive {R}adon-{N}ikod\'ym theorem},
  journal = {Pacific J. Math.},
  year = {1977},
  volume = {70},
  number = {1},
  pages = {51--65}
}

@Article{Bri78,
  author = {Bridges, Douglas S.},
  title = {A note on {M}orse's lambda-notation in set theory},
  journal = {Zeitschrift f\"ur Mathematische Logik und Grundlagen der
  Mathematik},
  year = {1978},
  volume = {24},
  number = {2},
  pages = {113--114}
}

@Article{Bri78a,
  author = {Bridges, Douglas S.},
  title = {On weak operator compactness of the unit ball of ${L}({H})$},
  journal = {Zeitschrift f\"ur Mathematische Logik und Grundlagen der
  Mathematik},
  year = {1978},
  volume = {24},
  number = {6},
  pages = {493--494}
}

@Article{Bri78b,
  author = {Bridges, Douglas S.},
  title = {On the connectivity of convex sets},
  journal = {The Bulletin of the London Mathematical Society},
  year = {1978},
  volume = {10},
  number = {1},
  pages = {86--90}
}

@Article{Bri78c,
  author = {Bridges, Douglas S.},
  title = {On continuous mappings between locally compact metric spaces},
  journal = {The Bulletin of the London Mathematical Society},
  year = {1978},
  volume = {10},
  number = {2},
  pages = {201--208}
}

@Article{Bri78d,
  author = {Bridges, D. S.},
  title = {More on the connectivity of convex sets},
  journal = {Proceedings of the American Mathematical Society},
  year = {1978},
  volume = {68},
  number = {2},
  pages = {214--216}
}

@Book{Bri79,
  author = {Bridges, Douglas S.},
  title = {Constructive Functional Analysis},
  year = {1979},
  publisher = {Pitman},
  address = {London}
}

@Article{Bri79a,
  author = {Bridges, Douglas S.},
  title = {Connectivity properties of metric spaces},
  journal = {Pacific Journal of Mathematics},
  year = {1979},
  volume = {80},
  number = {2},
  pages = {325--331}
}

@Article{Bri79b,
  author = {Bridges, Douglas S.},
  title = {On the constructive convergence of series of independent functions},
  journal = {Zeitschrift f\"ur Mathematische Logik und Grundlagen der
  Mathematik},
  year = {1979},
  volume = {25},
  number = {1},
  pages = {93--96}
}

@Article{Bri79c,
  author = {Bridges, Douglas S.},
  title = {A criterion for compactness in metric spaces?},
  journal = {Zeitschrift f\"ur Mathematische Logik und Grundlagen der
  Mathematik},
  year = {1979},
  volume = {25},
  number = {2},
  pages = {97--98}
}

@Article{Bri79d,
  author = {Bridges, Douglas S.},
  title = {Geometric intuition and elementary constructive analysis},
  journal = {Zeitschrift f\"ur Mathematische Logik und Grundlagen der
  Mathematik},
  year = {1979},
  volume = {25},
  number = {6},
  pages = {521--523}
}

@Article{Bri80,
  author = {Bridges, Douglas S.},
  title = {On the foundations of best-approximation theory},
  journal = {Journal of Approximation Theory},
  year = {1980},
  volume = {28},
  number = {3},
  pages = {273--292}
}

@Article{Bri80a,
  author = {Bridges, Douglas S.},
  title = {A constructive development of {C}hebyshev approximation theory},
  journal = {Journal of Approximation Theory},
  year = {1980},
  volume = {30},
  number = {2},
  pages = {99--120}
}

@InProceedings{Bri81,
  author = {Bridges, Douglas S.},
  title = {Towards a constructive foundation for quantum mechanics},
  booktitle = {Constructive Mathematics},
  editor = {Richman, F.},
  year = {1981},
  series = {Lecture Notes in Math.},
  volume = {873},
  pages = {260--273},
  note = {Proc. New Mexico State Univ. Conf., Aug. 11--15, 1980, Las Cruces,
  NM}
}

@Article{Bri81a,
  author = {Bridges, Douglas S.},
  title = {A constructive look at positive linear functionals on ${\cal
  {L}}({H})$},
  journal = {Pacific Journal of Mathematics},
  year = {1981},
  volume = {95},
  number = {1},
  pages = {11--25}
}

@Article{Bri81b,
  author = {Bridges, Douglas S.},
  title = {On the isolation of zeroes of an analytic function},
  journal = {Pacific Journal of Mathematics},
  year = {1981},
  volume = {96},
  number = {1},
  pages = {13--22}
}

@Article{Bri81c,
  author = {Bridges, Douglas S.},
  title = {Correction to: ``{O}n the isolation of zeroes of an analytic
  function''\ [{P}acific {J}. {M}ath. {\bf 96} (1981), no. 1, 13--22; {M}{R}
  82k:03095]},
  journal = {Pacific Journal of Mathematics},
  year = {1981},
  volume = {97},
  number = {2},
  pages = {487--488}
}

@Article{Bri81d,
  author = {Bridges, Douglas S.},
  title = {A constructive analysis of the {R}emes algorithm},
  journal = {Journal of Approximation Theory},
  year = {1981},
  volume = {32},
  number = {4},
  pages = {257--270}
}

@Article{Bri81e,
  author = {Bridges, Douglas S.},
  title = {A constructive proximinality property of finite-dimensional linear
  subspaces},
  journal = {The Rocky Mountain Journal of Mathematics},
  year = {1981},
  volume = {11},
  number = {4},
  pages = {491--497}
}

@Article{Bri81f,
  author = {Bridges, Douglas S.},
  title = {On {M}ontel's proof of the great {P}icard theorem},
  journal = {The American Mathematical Monthly},
  year = {1981},
  volume = {88},
  number = {1},
  pages = {45--47}
}

@Article{Bri82,
  author = {Bridges, Douglas S.},
  title = {Preference and utility: a constructive development},
  journal = {Journal of Mathematical Economics},
  year = {1982},
  volume = {9},
  number = {1-2},
  pages = {165--185}
}

@Article{Bri82a,
  author = {Bridges, Douglas S.},
  title = {Lipschitz constants and moduli of continuity for the {C}hebyshev
  projection},
  journal = {Proceedings of the American Mathematical Society},
  year = {1982},
  volume = {85},
  number = {4},
  pages = {557--561}
}

@InCollection{Bri82b,
  author = {Bridges, Douglas S.},
  title = {Recent progress in constructive approximation theory},
  booktitle = {The L. E. J. Brouwer Centenary Symposium (Noordwijkerhout,
  1981)},
  year = {1982},
  pages = {41--50},
  publisher = {North-Holland},
  address = {Amsterdam}
}

@Article{Bri83,
  author = {Bridges, Douglas S.},
  title = {Numerical representation of intransitive preferences on a countable
  set},
  journal = {Journal of Economic Theory},
  year = {1983},
  volume = {30},
  number = {1},
  pages = {213--217}
}

@Article{Bri83a,
  author = {Bridges, Douglas S.},
  title = {A numerical representation of preferences with intransitive
  indifference},
  journal = {Journal of Mathematical Economics},
  year = {1983},
  volume = {11},
  number = {1},
  pages = {25--42}
}

@Article{Bri85,
  author = {Bridges, Douglas S.},
  title = {Representing interval orders by a single real-valued function},
  journal = {Journal of Economic Theory},
  year = {1985},
  volume = {36},
  number = {1},
  pages = {149--155}
}

@Article{Bri85a,
  author = {Bridges, Douglas S.},
  title = {Operator ranges, integrable sets, and the functional calculus},
  journal = {Houston Journal of Mathematics},
  year = {1985},
  volume = {11},
  number = {1},
  pages = {31--44}
}

@Article{Bri86,
  author = {Bridges, Douglas S.},
  title = {Numerical representation of interval orders on a topological space},
  journal = {Journal of Economic Theory},
  year = {1986},
  volume = {38},
  number = {1},
  pages = {160--166}
}

@InCollection{Bri87,
  author = {Bridges, Douglas S.},
  title = {A constructive {M}orse theory of sets},
  booktitle = {Mathematical logic and its applications (Druzhba, 1986)},
  year = {1987},
  pages = {61--79},
  publisher = {Plenum},
  address = {New York}
}

@Article{Bri88,
  author = {Bridges, Douglas S.},
  title = {Locatedness, convexity, and Lebesque measurability},
  journal = {Quart. J. Math. Oxford Ser. 2},
  year = {1988},
  volume = {39},
  pages = {411--421}
}

@Article{Bri88a,
  author = {Bridges, Douglas S.},
  title = {The {E}uclidean distance construction of order homomorphisms},
  journal = {Mathematical Social Sciences},
  year = {1988},
  volume = {15},
  number = {2},
  pages = {179--188}
}

@Article{Bri89,
  author = {Bridges, Douglas S.},
  title = {A general constructive intermediate value theorem},
  journal = {Zeitschrift f\"ur Mathematische Logik und Grundlagen der
  Mathematik},
  year = {1989},
  volume = {35},
  pages = {433--435}
}

@Article{Bri89a,
  author = {Bridges, Douglas S.},
  title = {The constructive theory of preference relations on a locally compact
  space},
  journal = {Indagationes Mathematicae},
  year = {1989},
  volume = {51},
  number = {2},
  pages = {141--165}
}

@Article{Bri89b,
  author = {Bridges, Douglas S.},
  title = {Approximate interpolation by functions in a {H}aar space},
  journal = {Journal of Approximation Theory},
  year = {1989},
  volume = {57},
  number = {1},
  pages = {35--39}
}

@Article{Bri90,
  author = {Bridges, Douglas S.},
  title = {Preference, indifference, and {M}arkov's principle},
  journal = {Mathematical Social Sciences},
  year = {1990},
  volume = {20},
  number = {2},
  pages = {131--145}
}

@InCollection{Bri90a,
  author = {Bridges, Douglas S.},
  title = {Order isomorphisms---a constructive measure-theoretic view},
  booktitle = {Mathematical logic},
  year = {1990},
  pages = {243--255},
  publisher = {Plenum},
  address = {New York}
}

@Article{Bri91,
  author = {Bridges, Douglas S.},
  title = {The constructive inequivalence of various notions of preference
  ordering},
  journal = {Mathematical Social Sciences},
  year = {1991},
  volume = {21},
  number = {2},
  pages = {169--176}
}

@Article{Bri93,
  author = {Bridges, Douglas S.},
  title = {Sequential, pointwise, and uniform continuity: a constructive note},
  journal = {Mathematical Logic Quarterly},
  year = {1993},
  volume = {39},
  number = {1},
  pages = {55--61}
}

@Article{Bri93a,
  author = {Bridges, Douglas S.},
  title = {Constructive notions of strict convexity},
  journal = {Mathematical Logic Quarterly},
  year = {1993},
  volume = {39},
  number = {3},
  pages = {295--300}
}

@InCollection{Bri94a,
  author = {Bridges, Douglas S.},
  title = {A constructive look at the real number line},
  booktitle = {Real numbers, generalizations of the reals, and theories of
  continua},
  year = {1994},
  pages = {29--92},
  publisher = {Kluwer Acad. Publ.},
  address = {Dordrecht}
}

@Article{Bri94b,
  author = {Bridges, Douglas S.},
  title = {The constructive theory of preference relations on a locally compact
  space. {I}{I}},
  journal = {Mathematical Social Sciences},
  year = {1994},
  volume = {27},
  number = {1},
  pages = {1--9}
}

@Article{Bri95,
  author = {Bridges, Douglas S.},
  title = {Constructive mathematics and unbounded operations},
  journal = {J. Philos. Logic},
  year = {1995},
  volume = {24},
  number = {5},
  pages = {549--561}
}

@InProceedings{Bri98,
  author = {Bridges, Douglas S.},
  title = {Bishop's Principle},
  booktitle = {Computability and Complexity in Analysis},
  editor = {Ko, Ker-I and Nerode, Anil and Pour-El, Marian B. and Weihrauch,
  Klaus and Wiedermann, Ji{\v{r}}{\'{\i}}},
  year = {1998},
  month = {August},
  series = {Informatik Berichte},
  volume = {235},
  pages = {17--20},
  publisher = {FernUniversit\"at Hagen},
  note = {CCA Workshop, Brno, Czech Republik, August, 1998}
}

@InCollection{Bri98a,
  author = {Bridges, Douglas S.},
  title = {Constructive truth in practice},
  booktitle = {Truth in mathematics (Mussomeli, 1995)},
  year = {1998},
  pages = {53--69},
  publisher = {Oxford Univ. Press},
  address = {New York}
}

@Article{Bri99,
  author = {Bridges, Douglas S.},
  title = {Constructive mathematics: a foundation for computable analysis},
  journal = {Theoretical Computer Science},
  year = {1999},
  volume = {219},
  pages = {95--109}
}

@Article{Bri99a,
  author = {Bridges, Douglas S.},
  title = {Can constructive mathematics be applied in physics?},
  journal = {Journal of Philosophical Logic},
  year = {1999},
  volume = {28},
  number = {5},
  pages = {439--453}
}

@Article{Bro25,
  author = {Brouwer, L.E.J.},
  title = {Intuitionistischer {B}eweis des {J}ordanschen {K}urvensatzes},
  journal = {Koninklijke Nederl. Akad. Wentensch, Proc.},
  year = {1925},
  volume = {28},
  pages = {503--508},
  note = {translated in: A. Heyting (ed.), Collected Works, Vol. 1, Philosophy
  and Foundations of Mathematics, North-Holland, Amsterdam, 1975, 315--320}
}

@Article{Bro52,
  author = {Brouwer, L.E.J.},
  title = {An intuitionist correction of the fixed-point theorem on the
  sphere},
  journal = {Proc. Roy. Soc. London, Ser. A},
  year = {1952},
  volume = {213},
  pages = {1--2}
}

@Article{Bro54,
  author = {Brouwer, L.E.J.},
  title = {Points and spaces},
  journal = {Canad. Journ. Math.},
  year = {1954},
  volume = {6},
  pages = {1--17}
}

@InProceedings{Bro75,
  author = {Brouwer, L.E.J.},
  title = {The unreliability of logical principles},
  booktitle = {Collected Works, Vol. 1, Philosophy and Foundations of
  Mathematics},
  editor = {Heyting, A.},
  year = {1975},
  pages = {107--111},
  publisher = {North-Holland},
  address = {Amsterdam}
}

@InProceedings{Bro75a,
  author = {Brouwer, L.E.J.},
  title = {Fixed cores which cannot be found, though they are claimed to exist
  by classical theorems},
  booktitle = {Collected Works, Vol. 1, Philosophy and Foundations of
  Mathematics},
  editor = {Heyting, A.},
  year = {1975},
  pages = {516--518},
  publisher = {North-Holland},
  address = {Amsterdam}
}

@Book{Bro75b,
  author = {Brouwer, L.E.J.},
  title = {Collected Works, Vol. 1, Philosophy and Foundations of Mathematics},
  year = {1975},
  publisher = {North-Holland},
  address = {Amsterdam},
  note = {Heyting, A. (ed)}
}

@Book{Bro75c,
  author = {Brouwer, L.E.J.},
  title = {Collected Works, Vol. 2, Geometry, Analysis, Topology and
  Mechanics},
  year = {1976},
  publisher = {North-Holland},
  address = {Amsterdam},
  note = {Freudenthal, H. (ed)}
}

@Book{Bro81,
  author = {Brouwer, L.E.J.},
  title = {Brouwer's Cambridge Lectures on Intuitionism},
  year = {1981},
  publisher = {Cambridge Univ. Press},
  note = {van Dalen, D. (ed)}
}

@InProceedings{Buy00,
  author = {Buy, Dmitry},
  title = {Some Remarks about Fixpoint Theorems},
  booktitle = {Computability and Complexity in Analysis},
  editor = {Blanck, Jens and Brattka, Vasco and Hertling, Peter and Weihrauch,
  Klaus},
  year = {2000},
  month = {September},
  series = {Informatik Berichte},
  volume = {272},
  pages = {43--52},
  publisher = {FernUniversit\"at Hagen},
  note = {CCA2000 Workshop, Swansea, Wales, September 17--19, 2000}
}

@InProceedings{CCHK99,
  author = {Calude, C. S. and Coles, R. and Hertling, P. H. and Khoussainov,
  B.},
  title = {Degree Theoretic Aspects of Computably Enumerable Reals},
  booktitle = {Models and Computability},
  editor = {S. B. Cooper and J. K. Truss},
  year = {1999},
  series = {London Math.\ Society Lecture Note Series},
  volume = {259},
  pages = {23--39},
  publisher = {Cambridge University Press},
  address = {Cambridge},
  note = {Invited Papers from {L}ogic {C}olloquium 1997, {L}eeds.}
}

@Article{CH98,
  author = {Calude, Cristian S. and Hertling, Peter},
  title = {Computable approximations of reals: An information-theoretic
  analysis},
  journal = {Fundamenta Informaticae},
  year = {1998},
  volume = {33},
  number = {2},
  pages = {105--120}
}

@Article{CH99,
  author = {Chadzelek, Thomas and Hotz, G{\"u}nter},
  title = {Analytic machines},
  journal = {Theoretical Computer Science},
  year = {1999},
  volume = {219},
  pages = {151--167}
}

@Article{CHJW00,
  author = {Calude, C. S. and Hertling, P. and J{\"u}rgensen, H. and Weihrauch,
  K.},
  title = {Randomness on Full Shift Spaces},
  journal = {Chaos, Solitons \& Fractals},
  year = {2000},
  volume = {1},
  pages = {1--13}
}

@Article{CHK97,
  author = {Calude, Cristian S. and Hertling, Peter and Khoussainov, Bakhadyr},
  title = {Do the Zeroes of {R}iemann's {Z}eta-Function Form a Random
  Sequence?},
  journal = {Bulletin of the European Association for Theoretical Computer
  Science},
  year = {1997},
  volume = {62},
  pages = {199--207}
}

@InProceedings{CHKW98,
  author = {Calude, Cristian S. and Hertling, Peter and Khoussainov, Bakhadyr
  and Yongge Wang},
  title = {Recursively enumerable reals and {C}haitin $\Omega$ numbers},
  booktitle = {STACS'98},
  editor = {Morvan, Michel et al.},
  year = {1998},
  series = {Lecture Notes in Computer Science},
  volume = {1373},
  pages = {596--606},
  publisher = {Springer},
  address = {Berlin},
  note = {15th Annual Symposium on Theoretical Aspects of Computer Science.
  Paris, France, February 25--27, 1998}
}

@InProceedings{CJ94,
  author = {Calude, Cristian and J\"{u}rgensen, Helmut},
  title = {Randomness is an invariant for number representations},
  booktitle = {Results and Trends in Theoretical Computer Science},
  editor = {Maurer, H. and et al.},
  year = {1994},
  publisher = {Springer},
  address = {Berlin}
}

@Article{CK95,
  author = {Chou, Arthur and Ko, Ker-I},
  title = {Computational complexity of two-dimensional regions},
  journal = {SIAM Journal on Computing},
  year = {1995},
  volume = {24},
  pages = {923--947}
}

@Article{CP75,
  author = {Caldwell, J. and Pour-El, Marian Boykan},
  title = {On a simple definition of computable functions of a real variable -
  with applications to functions of a complex variable},
  journal = {Zeitschrift f\"ur Mathematische Logik und Grundlagen der
  Mathematik},
  year = {1975},
  volume = {21},
  pages = {1--19}
}

@Article{CR99,
  author = {Cenzer, Douglas and Remmel, Jeffrey B.},
  title = {Index sets in computable analysis},
  journal = {Theoretical Computer Science},
  year = {1999},
  volume = {219},
  pages = {111--150}
}

@Article{CY83,
  author = {Collins, W. and Young, P.},
  title = {Discountinuities of provably correct operators on the provably
  recursive real numbers},
  journal = {The Journal of Symbolic Logic},
  year = {1983},
  volume = {48},
  pages = {913--920}
}

@Article{CZ62,
  author = {Ce{\u{\i}}tin, G.S. and Zaslavski{\u{i}}, I.D.},
  title = {Singular coverings and properties of constructive functions
  connected with them},
  journal = {Tr.\ Mat.\ Inst.\ Steklov},
  year = {1962},
  volume = {67},
  pages = {458--502},
  note = {(Russian)}
}

@Article{CZ70,
  author = {Ce{\u{\i}}tin, G.S. and Zaslavski{\u{i}}, I.D.},
  title = {A criterion of the rectifiability of constructive plane curves},
  journal = {Izv. {A}kad {N}auk {A}rmjan. SSR Ser. Mat.},
  year = {1970},
  volume = {5},
  pages = {434--440},
  note = {(Russian)}
}

@Article{CZ71,
  author = {Ce{\u{\i}}tin, G.S. and Zaslavski{\u{i}}, I.D.},
  title = {Yet another constructive variant of the {C}auchy theorem},
  journal = {{Z}ap. {N}au\v{c}n. {S}em. {L}eningrad. {O}tdel. {M}at. {I}nst.
  {S}teklov ({L}{O}{M}{I})},
  year = {1971},
  volume = {20},
  pages = {36--39,282--283},
  note = {(Russian)}
}

@InProceedings{CZS68,
  author = {Ce{\u{\i}}tin, G.S. and Zaslavski{\u{i}} and \v{S}anin N.A.},
  title = {Peculiarities of constructive mathematical analysis},
  booktitle = {Proc. Internat. Congr. Math.},
  year = {1968},
  pages = {253--261},
  publisher = {Mir},
  address = {Moscow},
  note = {(Moscow, 1966, in Russian)}
}

@TechReport{Cal99,
  author = {Calude, Cristian S.},
  title = {A Characterization of C.E. Random Reals},
  year = {1999},
  month = {March},
  number = {095},
  type = {CDMTCS Research Report Series},
  institution = {University of Auckland},
  address = {Auckland}
}

@Article{Cei55,
  author = {Ce{\u{\i}}tin, G.S.},
  title = {On a theorem of {C}auchy in constructive analysis},
  journal = {Uspehi Mat.\ Nauk},
  year = {1955},
  volume = {10},
  pages = {207--209},
  note = {(in Russian)}
}

@Article{Cei59,
  author = {Ce{\u{\i}}tin, G.S.},
  title = {Algorithmic Operators in Constructive Complete Separable Metric
  Spaces},
  journal = {Doklady Akad. Nauk},
  year = {1959},
  volume = {128},
  pages = {49--52},
  note = {(in Russian)}
}

@Article{Cei62,
  author = {Ce{\u{\i}}tin, G.S.},
  title = {Algorithmic Operators in Constructive Metric Spaces},
  journal = {Tr.\ Mat.\ Inst.\ Steklov},
  year = {1962},
  volume = {67},
  pages = {295--361},
  note = {(in Russian, English trans. in AMS Trans. 64, 1967)}
}

@Article{Cei62a,
  author = {Ce{\u{\i}}tin, G.S.},
  title = {Mean value theorems in constructive analysis},
  journal = {Tr.\ Mat.\ Inst.\ Steklov},
  year = {1962},
  volume = {67},
  pages = {362--384},
  note = {(in Russian, English trans. in AMS Trans. 98, 1971)}
}

@Article{Cei64,
  author = {Ce{\u{\i}}tin, G.S.},
  title = {Mean value theorems in constructive analysis},
  journal = {Tr.\ Mat.\ Inst.\ Steklov},
  year = {1964},
  volume = {72},
  pages = {537--543},
  note = {(in Russian, English trans. in AMS Trans. 100, 1972)}
}

@Article{Cei70,
  author = {Ce{\u{\i}}tin, G.S.},
  title = {On upper bounds of recursively enumerable sets of constructive real
  numbers},
  journal = {Tr.\ Mat.\ Inst.\ Steklov},
  year = {1970},
  volume = {113},
  pages = {102--172},
  note = {(in Russian)}
}

@InProceedings{Cen93,
  author = {Cenzer, Douglas},
  title = {Effective real dynamics},
  booktitle = {Logical Methods in Honor of Anil Nerode's Sixtieth Birthday},
  editor = {Crossley, John N. and Remmel, Jefferey B. and Shore, Richard A. and
  Sweedler, Moss E.},
  year = {1993},
  series = {Progress in Computer Science and Applied Logic},
  volume = {12},
  pages = {162--177},
  publisher = {Birkh\"auser},
  address = {Boston}
}

@Article{Cha87a,
  author = {Chaitin, G.J.},
  title = {Incompleteness theorems for random reals},
  journal = {Adv. in Appl. Math.},
  year = {1987},
  volume = {8},
  pages = {119--146}
}

@InProceedings{Cho95,
  author = {Chou, Arthur W.},
  title = {Some complexity issues in complex analysis},
  booktitle = {Computability and Complexity in Analysis},
  editor = {Ko, Ker-I and Weihrauch, Klaus},
  year = {1995},
  month = {September},
  series = {Informatik Berichte},
  volume = {190},
  pages = {91--98},
  publisher = {FernUniversit\"at Hagen},
  note = {CCA Workshop, Hagen, August 19--20, 1995}
}

@Article{Cle69,
  author = {Cleave, J.P.},
  title = {The primitive recursive analysis of ordinary differential equations
  and the complexity of their solutions},
  journal = {Journal of Computer and Systems Sciences},
  year = {1969},
  volume = {3},
  pages = {447--455}
}

@Article{Col78,
  author = {Collins, W.},
  title = {Provably recursive real numbers},
  journal = {Notre Dame J. Formal Logic},
  year = {1978},
  volume = {19},
  pages = {513--522}
}

@InProceedings{DF87,
  author = {Demuth, Osvald and Filipec, Pavel},
  title = {Differentiation of constructive functions of a real variable and
  relative computability},
  booktitle = {Mathematical Logic and Its Applications},
  editor = {Skordev, D.G.},
  year = {1987},
  pages = {81--106},
  publisher = {Plenum Press},
  address = {New York},
  note = {Proceedings of an advanced international summer school and conference
  in honor of the 80th anniversary of Kurt G\"odel's birth, held September
  24--October 4, 1986 in Druzhba, Bulgaria}
}

@InCollection{DK79,
  author = {Demuth, Osvald and Ku{\v{c}}era, A.},
  title = {Remarks on constructive mathematical analysis},
  booktitle = {Logic Colloquium '78 (Mons, 1978)},
  year = {1979},
  pages = {81--129},
  publisher = {North-Holland},
  address = {Amsterdam}
}

@Article{DK80,
  author = {Demuth, Osvald and Km{\'\i}nek, V.},
  title = {Properties of indefinite constructive {L}ebesgue-{S}tieltjes
  integrals ({R}ussian)},
  journal = {Commentationes Mathematicae Universitatis Carolinae},
  year = {1980},
  volume = {21},
  number = {4},
  pages = {629--644}
}

@Article{DK87,
  author = {Demuth, Osvald and Ku{\v{c}}era, A.},
  title = {Remarks on $1$-genericity, semigenericity and related concepts},
  journal = {Commentationes Mathematicae Universitatis Carolinae},
  year = {1987},
  volume = {28},
  number = {1},
  pages = {85--94}
}

@Article{DK89,
  author = {Du, D. and Ko, Ker-I},
  title = {Computational complexity of integration and differentiation of
  convex functions},
  journal = {System Sci.\ and Math.\ Sci.},
  year = {1989},
  volume = {2},
  pages = {70--79}
}

@Article{DK92,
  author = {Du, D. and Ko, Ker-I},
  title = {A note on best fractions of a computable real number},
  journal = {Journal of Complexity},
  year = {1992},
  volume = {8},
  pages = {216--229}
}

@Article{DKK78,
  author = {Demuth, Osvald and Kryl, R. and Ku{\v{c}}era, A.},
  title = {The use of the theory of functions that are partial recursive
  relative to numerical sets in constructive mathematics ({R}ussian)},
  journal = {Acta Universitatis Carolinae. Mathematica et Physica},
  year = {1978},
  volume = {19},
  number = {1},
  pages = {15--60}
}

@Article{DN73,
  author = {Demuth, Osvald and Neme{\v{c}}kova, L.},
  title = {The constructive analogue of the property $({T}\sb{1})$
  ({R}ussian)},
  journal = {Comment. Math. Univ. Carolinae},
  year = {1973},
  volume = {14},
  pages = {421--439}
}

@InProceedings{DP00,
  author = {Dunlop, Anthony J. and Pour-El, Marian Boykan},
  title = {The Degree of Unsolvability of a Real Number},
  booktitle = {Computability and Complexity in Analysis},
  editor = {Blanck, Jens and Brattka, Vasco and Hertling, Peter and Weihrauch,
  Klaus},
  year = {2000},
  month = {September},
  series = {Informatik Berichte},
  volume = {272},
  pages = {53--73},
  publisher = {FernUniversit\"at Hagen},
  note = {CCA2000 Workshop, Swansea, Wales, September 17--19, 2000}
}

@Article{DP79,
  author = {Demuth, Osvald and Polivka, {\u{I}}.},
  title = {The representation of linear functionals in the space of codes of
  constructive functions that are uniformly continuous on the segment
  $0\triangle 1$ ({R}ussian)},
  journal = {Commentationes Mathematicae Universitatis Carolinae},
  year = {1979},
  volume = {20},
  number = {4},
  pages = {765--780}
}

@InProceedings{DSW86,
  author = {Dettki, H.J. and Schuster, H. and Weihrauch, K.},
  title = {Type 2 recursion theory},
  booktitle = {Algebra, Combinatorics and Logic in Computer Science, Vol. 1},
  editor = {Demetrovics, J. and Katona, G. and Salomaa, A.},
  year = {1986},
  series = {Coll. Math. Soc. J\'{a}nos Bolyai},
  volume = {42},
  pages = {355--361},
  note = {Papers from Colloq., Sept. 12--16, 1983, Gy\"or}
}

@InProceedings{Dal73,
  author = {van Dalen, D.},
  title = {Lectures on Intuitionism},
  booktitle = {Cambridge Summer School in Mathematical Logic},
  editor = {Mathais, A. R. D. and Rogers, H.},
  year = {1973},
  series = {Lecture Notes in Mathematics},
  pages = {1--94},
  note = {Aug. 1--21, 1971}
}

@Article{Dal78,
  author = {van Dalen, D.},
  title = {An interpretation of intuitionistic analysis},
  journal = {Ann. Math. Logic},
  year = {1978},
  volume = {13},
  pages = {1--43},
  note = {with an appendix by {T}roelstra, A.S.}
}

@TechReport{Dei84,
  author = {Deil, Thomas},
  title = {Darstellungen und {B}erechenbarkeit reeller {Z}ahlen},
  year = {1984},
  month = {December},
  number = {51},
  type = {Informatik Berichte},
  institution = {FernUniversit\"at Hagen},
  address = {Hagen},
  note = {Dissertation}
}

@Article{Dem65,
  author = {Demuth, Osvald},
  title = {On {L}ebesgue integration in constructive analysis ({R}ussian)},
  journal = {Dokl. Akad. Nauk SSSR},
  year = {1965},
  volume = {160},
  pages = {1239--1241}
}

@Article{Dem67,
  author = {Demuth, Osvald},
  title = {The {L}ebesgue integral in constructive analysis ({R}ussian)},
  journal = {Zap. Nau\v cn. Sem. Leningrad. Otdel. Mat. Inst. Steklov. (LOMI)},
  year = {1967},
  volume = {4},
  pages = {30--43},
  note = {[translation in: A.O. Slisenko (ed.), Studies in constructive
  mathematics and mathematical logic, Part II, Consultants Bureau, New York,
  1970]}
}

@Article{Dem67a,
  author = {Demuth, Osvald},
  title = {A necessary and sufficient condition for the {R}iemann integrability
  of constructive functions},
  journal = {Dokl. Akad. Nauk SSSR},
  year = {1967},
  volume = {176},
  pages = {757--758}
}

@Article{Dem68,
  author = {Demuth, Osvald},
  title = {Fubini's theorem for the {R}iemann integral in constructive
  mathematics. ({R}ussian)},
  journal = {Comment. Math. Univ. Carolinae},
  year = {1968},
  volume = {9},
  pages = {677--686}
}

@Article{Dem68a,
  author = {Demuth, Osvald},
  title = {The {L}ebesgue integral and the concept of measurability of
  functions in constructive analysis ({R}ussian)},
  journal = {Zap. Nau\v cn. Sem. Leningrad. Otdel. Mat. Inst. Steklov. (LOMI)},
  year = {1968},
  volume = {8},
  pages = {21--28},
  note = {[translation in: A.O. Slisenko (ed.), Studies in constructive
  mathematics and mathematical logic, Part II, Consultants Bureau, New York,
  1970]}
}

@Article{Dem68b,
  author = {Demuth, Osvald},
  title = {The connection between {R}iemann and {L}ebesgue integrability of
  constructive functions ({R}ussian)},
  journal = {Zap. Nau\v cn. Sem. Leningrad. Otdel. Mat. Inst. Steklov. (LOMI)},
  year = {1968},
  volume = {8},
  pages = {29--31},
  note = {[translation in: A.O. Slisenko (ed.), Studies in constructive
  mathematics and mathematical logic, Part II, Consultants Bureau, New York,
  1970]}
}

@Article{Dem69,
  author = {Demuth, Osvald},
  title = {Note on the paper: ``{F}ubini's theorem for the {R}iemann integral
  in constructive mathematics'' ({R}ussian)},
  journal = {Comment. Math. Univ. Carolinae},
  year = {1969},
  volume = {10},
  pages = {115--120}
}

@Article{Dem69a,
  author = {Demuth, Osvald},
  title = {The differentiability of constructive functions ({R}ussian)},
  journal = {Comment. Math. Univ. Carolinae},
  year = {1969},
  volume = {10},
  pages = {167--175}
}

@Article{Dem69b,
  author = {Demuth, Osvald},
  title = {The spaces ${L}\sb{n}$ and ${S}$ in constructive mathematics
  ({R}ussian)},
  journal = {Comment. Math. Univ. Carolinae},
  year = {1969},
  volume = {10},
  pages = {261--284}
}

@Article{Dem69c,
  author = {Demuth, Osvald},
  title = {Linear functionals in the constructive spaces ${L}\sb{r}$
  ({R}ussian)},
  journal = {Comment. Math. Univ. Carolinae},
  year = {1969},
  volume = {10},
  pages = {357--390}
}

@Article{Dem69d,
  author = {Demuth, Osvald},
  title = {The representability of constructive functions of weakly bounded
  variation ({R}ussian)},
  journal = {Comment. Math. Univ. Carolinae},
  year = {1970},
  volume = {11},
  pages = {421--434}
}

@Article{Dem69e,
  author = {Demuth, Osvald},
  title = {The {L}ebesgue measurability of sets in constructive mathematic
  ({R}ussian)},
  journal = {Comment. Math. Univ. Carolinae},
  year = {1969},
  volume = {10},
  pages = {463--492}
}

@Article{Dem70,
  author = {Demuth, Osvald},
  title = {Mean value theorems for the constructive {L}ebesgue integral
  ({R}ussian)},
  journal = {Comment. Math. Univ. Carolinae},
  year = {1970},
  volume = {11},
  pages = {249--269}
}

@Article{Dem70a,
  author = {Demuth, Osvald},
  title = {The representability of constructive functions of weakly bounded
  variation ({R}ussian)},
  journal = {Comment. Math. Univ. Carolinae},
  year = {1970},
  volume = {11},
  pages = {421--434}
}

@Article{Dem70b,
  author = {Demuth, Osvald},
  title = {The integrability of derivatives of constructive functions
  ({R}ussian)},
  journal = {Comment. Math. Univ. Carolinae},
  year = {1970},
  volume = {11},
  pages = {667--691}
}

@Article{Dem70c,
  author = {Demuth, Osvald},
  title = {Necessary and sufficient conditions for the absolute continuity of
  constructive functions ({R}ussian)},
  journal = {Comment. Math. Univ. Carolinae},
  year = {1970},
  volume = {11},
  pages = {705--726}
}

@Article{Dem71,
  author = {Demuth, Osvald},
  title = {The superpositions of absolutely continuous constructive functions
  ({R}ussian)},
  journal = {Comment. Math. Univ. Carolinae},
  year = {1971},
  volume = {12},
  pages = {423--451}
}

@Article{Dem71a,
  author = {Demuth, Osvald},
  title = {A necessary and sufficient condition for the representability of
  constructive functions in the form of the sum of a singular and an absolutely
  continuous function ({R}ussian)},
  journal = {Comment. Math. Univ. Carolinae},
  year = {1971},
  volume = {12},
  pages = {587--610}
}

@Article{Dem71b,
  author = {Demuth, Osvald},
  title = {A certain condition for the differentiability of constructive
  functions of bounded variation ({R}ussian)},
  journal = {Comment. Math. Univ. Carolinae},
  year = {1971},
  volume = {12},
  pages = {687--711}
}

@Article{Dem72,
  author = {Demuth, Osvald},
  title = {A necessary and sufficient condition for the representability of
  constructive functions in the form of a superposition of absolutely
  continuous functions ({R}ussian)},
  journal = {Comment. Math. Univ. Carolinae},
  year = {1972},
  volume = {13},
  pages = {227--251}
}

@Article{Dem72a,
  author = {Demuth, Osvald},
  title = {A sufficient condition for the representability of constructive
  functions in the form of the sum of two superpositions of absolutely
  continuous functions ({R}ussian)},
  journal = {Comment. Math. Univ. Carolinae},
  year = {1972},
  volume = {13},
  pages = {265--282}
}

@Article{Dem73,
  author = {Demuth, Osvald},
  title = {The representability of uniformly continuous constructive functions
  ({R}ussian)},
  journal = {Comment. Math. Univ. Carolinae},
  year = {1973},
  volume = {14},
  pages = {7--25}
}

@Article{Dem73a,
  author = {Demuth, Osvald},
  title = {The constructive analogue of the connection between the {L}ebesgue
  measurability of sets and of functions ({R}ussian)},
  journal = {Comment. Math. Univ. Carolinae},
  year = {1973},
  volume = {14},
  pages = {377--396}
}

@Article{Dem73b,
  author = {Demuth, Osvald and N{\v{e}}me{\v{c}}kov{\'a}, L.},
  title = {The constructive analogues of the properties $({N})$ and $({S})$
  ({R}ussian)},
  journal = {Comment. Math. Univ. Carolinae},
  year = {1973},
  volume = {14},
  pages = {565--582}
}

@Article{Dem74,
  author = {Demuth, Osvald},
  title = {The representability of constructive functions possessing the
  properties $({\rm {S}})$ and $({\rm {T}}\sb{1})$ in the form of
  superpositions ({R}ussian)},
  journal = {Comment. Math. Univ. Carolinae},
  year = {1974},
  volume = {15},
  pages = {49--64}
}

@Article{Dem74a,
  author = {Demuth, Osvald},
  title = {The connection between the representability of a constructive
  function in the form of a superposition of two absolutely continuous
  functions and the differentiability of this function ({R}ussian)},
  journal = {Comment. Math. Univ. Carolinae},
  year = {1974},
  volume = {15},
  pages = {195--210}
}

@Article{Dem75,
  author = {Demuth, Osvald},
  title = {Constructive pseudonumbers ({R}ussian)},
  journal = {Comment. Math. Univ. Carolinae},
  year = {1975},
  volume = {16},
  pages = {315--331}
}

@Article{Dem75a,
  author = {Demuth, Osvald},
  title = {The differentiability of constructive functions of weakly bounded
  variation on pseudo numbers ({R}ussian)},
  journal = {Comment. Math. Univ. Carolinae},
  year = {1975},
  volume = {16},
  number = {3},
  pages = {583--599}
}

@Article{Dem76,
  author = {Demuth, Osvald},
  title = {The constructive analogue of the {D}enjoy-{Y}oung theorem on derived
  numbers ({R}ussian)},
  journal = {Comment. Math. Univ. Carolinae},
  year = {1976},
  volume = {17},
  number = {1},
  pages = {111--126}
}

@Article{Dem76a,
  author = {Demuth, Osvald},
  title = {The domains of definition of effective operators over general
  recursive functions and of constructive functions of a real variable
  ({R}ussian)},
  journal = {Comment. Math. Univ. Carolinae},
  year = {1976},
  volume = {17},
  number = {4},
  pages = {633--646}
}

@Article{Dem77,
  author = {Demuth, Osvald},
  title = {A constructive analogue of the functions of the $n$th {B}aire class
  ({R}ussian)},
  journal = {Comment. Math. Univ. Carolinae},
  year = {1977},
  volume = {18},
  number = {2},
  pages = {231--245}
}

@Article{Dem77a,
  author = {Demuth, Osvald},
  title = {A generalization of the constructive {L}ebesgue integral
  ({R}ussian)},
  journal = {Comment. Math. Univ. Carolinae},
  year = {1977},
  volume = {18},
  number = {3},
  pages = {499--514}
}

@Article{Dem78,
  author = {Demuth, Osvald},
  title = {Some questions of the theory of constructive functions of a real
  variable ({R}ussian)},
  journal = {Acta Universitatis Carolinae. Mathematica et Physica},
  year = {1978},
  volume = {19},
  number = {1},
  pages = {61--96}
}

@Article{Dem78a,
  author = {Demuth, Osvald},
  title = {The pseudodifferentiability of uniformly continuous constructive
  functions on constructive real numbers ({R}ussian)},
  journal = {Comment. Math. Univ. Carolin.},
  year = {1978},
  volume = {19},
  number = {2},
  pages = {319--333}
}

@Article{Dem78b,
  author = {Demuth, Osvald},
  title = {Constructive analogues of generalized absolutely continuous
  functions of generalized bounded variation ({R}ussian)},
  journal = {Commentationes Mathematicae Universitatis Carolinae},
  year = {1978},
  volume = {19},
  number = {3},
  pages = {471--487}
}

@Article{Dem79,
  author = {Demuth, Osvald},
  title = {Constructive {D}enjoy integrals ({R}ussian)},
  journal = {Commentationes Mathematicae Universitatis Carolinae},
  year = {1979},
  volume = {20},
  number = {2},
  pages = {213--227}
}

@Article{Dem79a,
  author = {Demuth, Osvald},
  title = {The use of the {R}iemann-{S}tieltjes integral in the theory of the
  constructive {L}ebesgue integral, and its generalizations ({R}ussian)},
  journal = {Commentationes Mathematicae Universitatis Carolinae},
  year = {1979},
  volume = {20},
  number = {4},
  pages = {781--793}
}

@Article{Dem80,
  author = {Demuth, Osvald},
  title = {On the constructive {P}erron integral ({R}ussian)},
  journal = {Acta Universitatis Carolinae. Mathematica et Physica},
  year = {1980},
  volume = {21},
  number = {1},
  pages = {3--57}
}

@Article{Dem80a,
  author = {Demuth, Osvald},
  title = {A constructive analogue of {K}. {M}. {G}arg's theorem on derivative
  numbers ({R}ussian)},
  journal = {Commentationes Mathematicae Universitatis Carolinae},
  year = {1980},
  volume = {21},
  number = {3},
  pages = {457--472}
}

@Article{Dem80b,
  author = {Demuth, Osvald},
  title = {Pseudodifferentiability of constructive functions on constructive
  real numbers ({R}ussian)},
  journal = {Commentationes Mathematicae Universitatis Carolinae},
  year = {1980},
  volume = {21},
  number = {3},
  pages = {489--505}
}

@Article{Dem81,
  author = {Demuth, Osvald},
  title = {On the pseudodifferentiability of uniformly continuous constructive
  functions from functions of the same type ({R}ussian)},
  journal = {Commentationes Mathematicae Universitatis Carolinae},
  year = {1981},
  volume = {22},
  number = {3},
  pages = {497--512}
}

@Article{Dem81a,
  author = {Demuth, Osvald},
  title = {A generalization of a constructive analogue of {K}. {M}. {G}arg's
  theorem ({R}ussian)},
  journal = {Commentationes Mathematicae Universitatis Carolinae},
  year = {1981},
  volume = {22},
  number = {3},
  pages = {607--620}
}

@Article{Dem82,
  author = {Demuth, Osvald},
  title = {Borel types of some classes of arithmetical real numbers
  ({R}ussian)},
  journal = {Commentationes Mathematicae Universitatis Carolinae},
  year = {1982},
  volume = {23},
  number = {3},
  pages = {593--606}
}

@Article{Dem82a,
  author = {Demuth, Osvald},
  title = {Some classes of arithmetical real numbers ({R}ussian)},
  journal = {Commentationes Mathematicae Universitatis Carolinae},
  year = {1982},
  volume = {23},
  number = {3},
  pages = {453--465}
}

@Article{Dem83,
  author = {Demuth, Osvald},
  title = {Arithmetic complexity of differentiation in constructive mathematics
  ({R}ussian)},
  journal = {Commentationes Mathematicae Universitatis Carolinae},
  year = {1983},
  volume = {24},
  number = {2},
  pages = {301--316}
}

@Article{Dem83a,
  author = {Demuth, Osvald},
  title = {On the pseudodifferentiability of pseudo-uniformly continuous
  constructive functions from functions of the same type ({R}ussian)},
  journal = {Commentationes Mathematicae Universitatis Carolinae},
  year = {1983},
  volume = {24},
  number = {3},
  pages = {391--406}
}

@Article{Dem87,
  author = {Demuth, Oswald},
  title = {A notion of semigenericity},
  journal = {Commentationes Mathematicae Universitatis Carolinae},
  year = {1987},
  volume = {28},
  number = {1},
  pages = {71--84}
}

@InProceedings{Dem87a,
  author = {Demuth, Osvald},
  title = {An example of the construction of pseudonumbers by the methods of
  recursion theory},
  booktitle = {Applied mathematics, No. 5 (Russian)},
  editor = {Tonoyan, R.N.},
  year = {1987},
  pages = {55--73, 131--132},
  publisher = {Erevan. Univ.},
  address = {Erevan}
}

@Article{Dem88,
  author = {Demuth, Osvald},
  title = {Reducibilities of sets based on constructive functions of a real
  variable},
  journal = {Commentationes Mathematicae Universitatis Carolinae},
  year = {1988},
  volume = {29},
  number = {1},
  pages = {143--156}
}

@Article{Dem88a,
  author = {Demuth, Osvald},
  title = {Remarks on the structure of tt-degrees based on constructive measure
  theory},
  journal = {Commentationes Mathematicae Universitatis Carolinae},
  year = {1988},
  volume = {29},
  number = {2},
  pages = {233--247}
}

@InProceedings{Dem90,
  author = {Demuth, Osvald},
  title = {Remarks on {D}enjoy sets},
  booktitle = {Mathematical logic},
  year = {1990},
  pages = {267--280},
  publisher = {Plenum},
  address = {New York}
}

@InProceedings{Dum75,
  author = {Dummett, M.},
  title = {The {P}hilosophical {B}asis of {I}ntuitionistic {L}ogic},
  booktitle = {Logic Colloquium '73},
  editor = {Rose, H.E. and Shepherdson, J.C.},
  year = {1975},
  series = {Stud. Logic. Found. Math.},
  volume = {80},
  pages = {5--40},
  note = {(Bristol 1973)}
}

@Book{Dum77,
  author = {Dummett, M.},
  title = {Elements of {I}ntuitionism},
  year = {1977},
  publisher = {Oxford Univ. Press}
}

@Article{EH98,
  author = {Edalat, Abbas and Heckmann, Reinhold},
  title = {A computational model for metric spaces},
  journal = {Theoretical Computer Science},
  year = {1998},
  volume = {193},
  pages = {53--73}
}

@InProceedings{EK99,
  author = {Edalat, Abbas and Krznari{\'{c}}, Marko},
  title = {Numerical Integration with Exact Real Arithmetic},
  booktitle = {Automata, Languages and Programming},
  editor = {Wiedermann, Ji{\v{r}}{\'{\i}} and van Emde Boas, Peter and Nielsen,
  Mogens},
  year = {1999},
  series = {Lecture Notes in Computer Science},
  volume = {1644},
  pages = {90--104},
  publisher = {Springer},
  address = {Berlin},
  note = {26th International Colloquium, ICALP'99, Prague, Czech Republic,
  July, 1999}
}

@InProceedings{EKL00,
  author = {Edalat, Abbas and Kashefi, Elham and Lieutier, Andr\'{e}},
  title = {The Convex Hull is Computable!},
  booktitle = {Computability and Complexity in Analysis},
  editor = {Blanck, Jens and Brattka, Vasco and Hertling, Peter and Weihrauch,
  Klaus},
  year = {2000},
  month = {September},
  series = {Informatik Berichte},
  volume = {272},
  pages = {75--77},
  publisher = {FernUniversit\"at Hagen},
  note = {CCA2000 Workshop, Swansea, Wales, September 17--19, 2000}
}

@InProceedings{EL00,
  author = {Edalat, Abbas and Lieutier, Andr\'{e}},
  title = {Domain of Differentiable Functions},
  booktitle = {Computability and Complexity in Analysis},
  editor = {Blanck, Jens and Brattka, Vasco and Hertling, Peter and Weihrauch,
  Klaus},
  year = {2000},
  month = {September},
  series = {Informatik Berichte},
  volume = {272},
  pages = {79},
  publisher = {FernUniversit\"at Hagen},
  note = {CCA2000 Workshop, Swansea, Wales, September 17--19, 2000}
}

@Article{EP97,
  author = {Edalat, Abbas and Potts, Peter John},
  title = {A new representation for exact real numbers},
  journal = {Electronical Notes in Theoretical Computer Science},
  year = {1997},
  volume = {6},
  pages = {14 pp.},
  note = {Mathematical foundations of programming semantics (Pittsburgh, PA,
  1997)}
}

@InProceedings{ER98,
  author = {Edalat, Abbas and Rico, Fabien},
  title = {Root Finding in Exact Real Arithmetic Using Linear Fractional
  Transformations},
  booktitle = {Third Real Numbers and Computers Conference},
  editor = {Chesneaux, J.-M. and J\'{e}z\'{e}quel, F. and Lamotte, J.-L. and
  Vignes, J.},
  year = {1998},
  pages = {27--43},
  publisher = {Universit\'{e} Pierre et Marie Curie, Paris},
  note = {Paris, France, April 27--29, 1998}
}

@Article{ES99,
  author = {Edalat, Abbas and S{\"u}nderhauf, Philipp},
  title = {A domain-theoretic approach to computability on the real line},
  journal = {Theoretical Computer Science},
  year = {1999},
  volume = {210},
  pages = {73--98}
}

@Article{ES99b,
  author = {Escard\'{o}, Mart\'{i}n H\"otzel and Streicher, Thomas},
  title = {Induction and recursion on the partial real line with applications
  to Real {PCF}},
  journal = {Theoretical Computer Science},
  year = {1999},
  volume = {210},
  pages = {121--157}
}

@Article{ES99c,
  author = {Edalat, Abbas and S{\"u}nderhauf, Philipp},
  title = {Computable {B}anach spaces via domain theory},
  journal = {Theoretical Computer Science},
  year = {1999},
  volume = {219},
  pages = {169--184}
}

@Article{Eda95,
  author = {Edalat, Abbas},
  title = {Domain theory and integration},
  journal = {Theoretical Computer Science},
  year = {1995},
  volume = {151},
  pages = {163--193}
}

@Article{Eda95a,
  author = {Edalat, Abbas},
  title = {Dynamical systems, measures, and fractals via domain theory},
  journal = {Information and Computation},
  year = {1995},
  volume = {120},
  number = {1},
  pages = {32--48}
}

@Article{Eda96,
  author = {Edalat, Abbas},
  title = {Power domains and iterated function systems},
  journal = {Information and Computation},
  year = {1996},
  volume = {124},
  number = {2},
  pages = {182--197}
}

@Article{Eda97,
  author = {Edalat, Abbas},
  title = {Domains for Computation in Mathematics, Physics and Exact Real
  Arithmetic},
  journal = {Bulletin of Symbolic Logic},
  year = {1997},
  volume = {3},
  number = {4},
  pages = {401--452}
}

@Article{Ers72,
  author = {Er{\v{s}}ov, Ju. L.},
  title = {Computable functionals of finite type},
  journal = {Algebra and Logic},
  year = {1972},
  volume = {11},
  number = {4},
  pages = {203--242}
}

@Article{Esc96,
  author = {Escard\'{o}, Mart\'{i}n H\"otzel},
  title = {{PCF} extended with real numbers},
  journal = {Theoretical Computer Science},
  year = {1996},
  volume = {162},
  pages = {79--115}
}

@PhdThesis{Esc97,
  author = {Escard\'{o}, Mart\'{i}n H\"otzel},
  title = {{PCF} extended with real numbers: a domain-theoretic approach to
  higher-order exact real number computation},
  year = {1997},
  school = {Imperial College, University of London},
  address = {London, Great Britain}
}

@InProceedings{Esp98,
  author = {Esblin, Henri-Alex},
  title = {Rudimentary computable reals},
  booktitle = {Computability and Complexity in Analysis},
  editor = {Ko, Ker-I and Nerode, Anil and Pour-El, Marian B. and Weihrauch,
  Klaus and Wiedermann, Ji{\v{r}}{\'{\i}}},
  year = {1998},
  month = {August},
  series = {Informatik Berichte},
  volume = {235},
  pages = {21--30},
  publisher = {FernUniversit\"at Hagen},
  note = {CCA Workshop, Brno, Czech Republik, August, 1998}
}

@InProceedings{FS95,
  author = {Freund, Rudolf and Staiger, Ludwig},
  title = {Numbers defined via {T}uring machines},
  booktitle = {Computability and Complexity in Analysis},
  editor = {Ko, Ker-I and Weihrauch, Klaus},
  year = {1995},
  month = {September},
  series = {Informatik Berichte},
  volume = {190},
  pages = {119--124},
  publisher = {FernUniversit\"at Hagen},
  note = {CCA Workshop, Hagen, August 19--20, 1995}
}

@Article{FS96,
  author = {Freund, Rudolf and Staiger, Ludwig},
  title = {Numbers defined by {T}uring machines},
  journal = {Collegium Logicum, Annals of the Kurt-G\"{o}del-Society},
  year = {1996},
  volume = {2},
  pages = {118--137}
}

@Article{Fef64,
  author = {Feferman, S.},
  title = {Systems of predicative analysis},
  journal = {The Journal of Symbolic Logic},
  year = {1964},
  volume = {29},
  pages = {1--30}
}

@InProceedings{Fef77,
  author = {Feferman, S.},
  title = {Theories of finite type related to mathematical practice},
  booktitle = {Handbook of {M}athematical {L}ogic},
  editor = {Barwise, J.},
  year = {1977},
  series = {Studies in Logic and The Foundations of Mathematics},
  volume = {90},
  pages = {913--971},
  publisher = {North-Holland},
  address = {Amsterdam}
}

@InProceedings{Fef79,
  author = {Feferman, S.},
  title = {Constructive Theories of Functions and Classes},
  booktitle = {Proceedings Logic Colloquium '78},
  editor = {Boffa, D., van Dalen and McAloon, K.},
  year = {1979},
  series = {Studies in Logic and The Foundations of Mathematics},
  volume = {97},
  pages = {159--224},
  publisher = {North-Holland},
  address = {Amsterdam},
  note = {Mons, Aug. 24--Sept. 1., 1978}
}

@InProceedings{Fef84,
  author = {Feferman, S.},
  title = {Between constructive and classical mathematics},
  booktitle = {Computation and Proof Theory},
  editor = {Richter, M.M. and B\"orger, E. and Oberschelp, W. and Schinzel, B.
  and Thomas, W.},
  year = {1984},
  series = {Lecture Notes in Mathematics},
  volume = {1104},
  pages = {143--162},
  note = {(Proc. Logic Colloq., Aachen, July 14--23, 1983, Part II)}
}

@Article{Fre83,
  author = {Freund, Rudolf},
  title = {Real Functions and Numbers Defined by {T}uring Machines},
  journal = {Theoretical Computer Science},
  year = {1983},
  volume = {23},
  pages = {287--304}
}

@Article{Fri77,
  author = {Friedman, H.,M.},
  title = {Set theoretic foundations for constructive analysis},
  journal = {Ann. of Math.},
  year = {1977},
  series = {2},
  volume = {105},
  pages = {1--28}
}

@Article{Fri84,
  author = {Friedman, Harvey},
  title = {On the computational complexity of maximization and integration},
  journal = {Advances in Mathematics},
  year = {1984},
  volume = {53},
  pages = {80--98}
}

@InProceedings{GH00,
  author = {G{\"a}rtner, Tobias and Hotz, G{\"u}nter},
  title = {Recursive Analytic Functions of a Complex Variable},
  booktitle = {Computability and Complexity in Analysis},
  editor = {Blanck, Jens and Brattka, Vasco and Hertling, Peter and Weihrauch,
  Klaus},
  year = {2000},
  month = {September},
  series = {Informatik Berichte},
  volume = {272},
  pages = {81--97},
  publisher = {FernUniversit\"at Hagen},
  note = {CCA2000 Workshop, Swansea, Wales, September 17--19, 2000}
}

@Article{GH60,
  author = {Goodstein, R.L. and Hooley, J.},
  title = {On recursive transcendence},
  journal = {Notre Dame J. Formal Logic},
  year = {1960},
  volume = {1},
  pages = {127--137}
}

@InProceedings{GL00,
  author = {Gowland, Paul and Lester, David},
  title = {A Survey of Exact Computer Arithmetic},
  booktitle = {Computability and Complexity in Analysis},
  editor = {Blanck, Jens and Brattka, Vasco and Hertling, Peter and Weihrauch,
  Klaus},
  year = {2000},
  month = {September},
  series = {Informatik Berichte},
  volume = {272},
  pages = {99--115},
  publisher = {FernUniversit\"at Hagen},
  note = {CCA2000 Workshop, Swansea, Wales, September 17--19, 2000}
}

@InProceedings{GM72,
  author = {Goodman, N.D. and Myhill, J.},
  title = {The formalization of {B}ishop's constructive mathematics},
  booktitle = {Toposes, Algebraic Geometry and Logic},
  editor = {Lawvere, F. W.},
  year = {1972},
  series = {Lecture Notes in Mathematics},
  volume = {274},
  pages = {83--96},
  note = {(Partial Report Conf. Connections between Category Theory, Algebraic
  Geometry and Intuitionistic Logic, Dalhousie Univ., Halifax, Nova Scotia,
  Jan. 16--19, 1971)}
}

@InProceedings{GN94,
  author = {Ge, Xiaolin and Nerode, Anil},
  title = {On extreme points of convex compact {T}uring located sets},
  booktitle = {Logical Foundations of Computer Science},
  editor = {Nerode, Anil and Matiyasevich, Yu. V.},
  year = {1994},
  series = {Lecture Notes in Computer Science},
  volume = {813},
  pages = {114--128},
  publisher = {Springer},
  address = {Berlin},
  note = {Third International Symposium, LFCS'94, St. Petersburg, Russia, July
  11--14, 1994}
}

@Article{GN96,
  author = {Ge, Xiaolin and Nerode, Anil},
  title = {Effective content of the calculus of variations {I}: semi-continuity
  and the chattering lemma},
  journal = {Annals of Pure and Applied Logic},
  year = {1996},
  volume = {78},
  pages = {127--146}
}

@InProceedings{GR93,
  author = {Ge, Xiaolin and Richards, J. Ian},
  title = {Computability in unitary representations of compact groups},
  booktitle = {Logical Methods in Honor of Anil Nerode's Sixtieth Birthday},
  editor = {Crossley, John N. and Remmel, Jefferey B. and Shore, Richard A. and
  Sweedler, Moss E.},
  year = {1993},
  series = {Progress in Computer Science and Applied Logic},
  volume = {12},
  pages = {386--421},
  publisher = {Birkh\"auser},
  address = {Boston}
}

@Article{GS83,
  author = {Gordon, Dan and Shamir, Eliahu},
  title = {Computation of recursive functionals using minimal initial
  segments},
  journal = {Theoretical Computer Science},
  year = {1983},
  volume = {23},
  pages = {305--315}
}

@Book{Gai64,
  author = {Gaier, D.},
  title = {Konstruktive {M}ethoden der konformen {A}bbildung, {T}racts in
  {N}atural {P}hilosophy},
  year = {1964},
  volume = {3},
  publisher = {Springer-Verlag},
  address = {Berlin}
}

@PhdThesis{Ge93,
  author = {Ge, Xiaolin},
  title = {Some Algorithms in {E}uclidean Space and Group Representations},
  year = {1993},
  month = {May},
  type = {Thesis},
  school = {University of Minnesota},
  address = {Minneapolis}
}

@PhdThesis{Gia93,
  author = {Di Gianantonio, Pietro},
  title = {A Functional Approach to Computability on Real Numbers},
  year = {1993},
  month = {June},
  type = {Dottorato di ricerca in informatica},
  school = {Universit\`{a} di Pisa-Genova-Udine},
  address = {Udine}
}

@Article{Gia96,
  author = {Di Gianantonio, Pietro},
  title = {Real number computation and Domain Theory},
  journal = {Information and Computation},
  year = {1996},
  volume = {127},
  pages = {11--25}
}

@Article{Gia99,
  author = {Di Gianantonio, Pietro},
  title = {An abstract data type for real numbers},
  journal = {Theoretical Computer Science},
  year = {1999},
  volume = {221},
  pages = {295--326}
}

@Article{Gli28,
  author = {Glivenko, V.I.},
  title = {Sur la logique de {M}. {B}rouwer},
  journal = {Roy. Belg. Bull. Cl. Sci.},
  year = {1928},
  series = {5},
  volume = {14},
  pages = {225--228}
}

@Article{Gli29,
  author = {Glivenko, V.I.},
  title = {Sur quelques points de la logique de {M}. {B}rouwer},
  journal = {Roy. Belg. Bull. Cl. Sci.},
  year = {1929},
  series = {5},
  volume = {15},
  pages = {183--188}
}

@Article{Goo49,
  author = {Goodstein, R.L.},
  title = {Missing value theorems},
  journal = {Math. Gaz.},
  year = {1949},
  volume = {33},
  pages = {19--25}
}

@Article{Goo50,
  author = {Goodstein, R.L.},
  title = {Mean value theorems in recursive function theory {I}. {D}ifferential
  mean value theorems},
  journal = {Proc. London Math. Soc.},
  year = {1950},
  volume = {52},
  pages = {81--106}
}

@Article{Goo54,
  author = {Goodstein, R.L.},
  title = {The recursive irrationality of $\pi$},
  journal = {The Journal of Symbolic Logic},
  year = {1954},
  volume = {19},
  pages = {267--274}
}

@Article{Goo56,
  author = {Goodstein, R.L.},
  title = {On non-constructive theorems of analysis and the decision problem},
  journal = {Math. Scand.},
  year = {1956},
  volume = {3},
  pages = {261--263}
}

@InProceedings{Goo59,
  author = {Goodstein, R.L.},
  title = {Recursive analysis},
  booktitle = {Constructivity in Mathematics},
  editor = {Heyting, A.},
  year = {1959},
  series = {Studies in Logic and The Foundations of Mathematics},
  pages = {37--42},
  publisher = {North-Holland},
  address = {Amsterdam},
  note = {Proc. Colloq., Amsterdam, Aug. 26--31, 1957}
}

@Book{Goo61,
  author = {Goodstein, R.L.},
  title = {Recursive Analysis},
  year = {1961},
  series = {Studies in Logic and The Foundations of Mathematics},
  publisher = {North-Holland},
  address = {Amsterdam}
}

@Article{Goo68,
  author = {Goodstein, R.L.},
  title = {Existence in mathematics},
  journal = {Compositio Math.},
  year = {1968},
  volume = {20},
  pages = {70--82}
}

@InProceedings{Goo69,
  author = {Goodstein, R.L.},
  title = {A constructive form for the second {G}auss proof of the fundamental
  theorem of algebra},
  booktitle = {Constructive Aspects of the Fundamental Theorem of Algebra},
  year = {1969},
  pages = {69--76},
  publisher = {Willey-Interscience},
  address = {NY},
  note = {Proc. Sympos. Z\"urich-R\"uschlikon, June 5--7, 1967}
}

@Article{Goo70,
  author = {Goodstein, R.L.},
  title = {Polynomials with computable coefficients},
  journal = {Notre Dame J. Formal Logic},
  year = {1970},
  volume = {11},
  pages = {447--448}
}

@Article{Grz51,
  author = {Grzegorczyk, Andrzej},
  title = {Undecidability of some topological theories},
  journal = {Fund. Math.},
  year = {1951},
  volume = {38},
  pages = {137--152}
}

@Article{Grz55,
  author = {Grzegorczyk, Andrzej},
  title = {Computable functionals},
  journal = {Fundamenta Mathematicae},
  year = {1955},
  volume = {42},
  pages = {168--202}
}

@Article{Grz55a,
  author = {Grzegorczyk, Andrzej},
  title = {On the definition of computable functionals},
  journal = {Fundamenta Mathematicae},
  year = {1955},
  volume = {42},
  pages = {232--239}
}

@Article{Grz57,
  author = {Grzegorczyk, Andrzej},
  title = {On the definitions of computable real continuous functions},
  journal = {Fundamenta Mathematicae},
  year = {1957},
  volume = {44},
  pages = {61--71}
}

@InProceedings{Grz59,
  author = {Grzegorczyk, Andrzej},
  title = {Some approaches to constructive analysis},
  booktitle = {Constructivity in mathematics},
  editor = {Heyting, A.},
  year = {1959},
  series = {Studies in Logic and The Foundations of Mathematics},
  pages = {43--61},
  publisher = {North-Holland},
  address = {Amsterdam},
  note = {Colloquium at Amsterdam, 1957}
}

@InProceedings{HD00,
  author = {Hur, Namhyun and Davenport, James H.},
  title = {A Generic Root Operation for Exact Real Arithmetic},
  booktitle = {Computability and Complexity in Analysis},
  editor = {Blanck, Jens and Brattka, Vasco and Hertling, Peter and Weihrauch,
  Klaus},
  year = {2000},
  month = {September},
  series = {Informatik Berichte},
  volume = {272},
  pages = {151--156},
  publisher = {FernUniversit\"at Hagen},
  note = {CCA2000 Workshop, Swansea, Wales, September 17--19, 2000}
}

@InProceedings{HW94,
  author = {Hertling, Peter and Weihrauch, Klaus},
  title = {Levels of degeneracy and exact lower complexity bounds for geometric
  algorithms},
  booktitle = {Proceedings of the Sixth Canadian Conference on Computational
  Geometry},
  year = {1994},
  pages = {237--242},
  organization = {University of Saskatchewan},
  note = {Saskatoon, Saskatchewan, August 2--6, 1994}
}

@TechReport{HW94a,
  author = {Hertling, Peter and Weihrauch, Klaus},
  title = {On the topological classification of degeneracies},
  year = {1994},
  month = {February},
  number = {154},
  type = {Informatik Berichte},
  institution = {FernUniversit\"at Hagen},
  address = {Hagen}
}

@InProceedings{HW98,
  author = {Hertling, Peter and Weihrauch, Klaus},
  title = {Randomness Spaces},
  booktitle = {Automata, Languages and Programming},
  editor = {Kim G. Larsen and Sven Skyum and Glynn Winskel},
  year = {1998},
  series = {Lecture Notes in Computer Science},
  volume = {1443},
  pages = {796--807},
  publisher = {Springer},
  address = {Berlin},
  note = {25th International Colloquium, ICALP'98, Aalborg, Denmark, July
  1998}
}

@Article{Hau71,
  author = {Hauck, J\"urgen},
  title = {{E}in {K}riterium f\"{u}r die {A}nnahme des {M}aximums in der
  {B}erechenbaren {A}nalysis},
  journal = {Zeitschrift f\"ur Mathematische Logik und Grundlagen der
  Mathematik},
  year = {1971},
  volume = {17},
  pages = {193--196}
}

@Article{Hau71a,
  author = {Hauck, J\"urgen},
  title = {{Z}ur {P}r\"{a}zisierung des {B}egriffes berechenbare reelle
  {F}unktion},
  journal = {Zeitschrift f\"ur Mathematische Logik und Grundlagen der
  Mathematik},
  year = {1971},
  volume = {17},
  pages = {295--300}
}

@Article{Hau72,
  author = {Hauck, J\"urgen},
  title = {{F}unktional-{R}ekursion},
  journal = {Zeitschrift f\"ur Mathematische Logik und Grundlagen der
  Mathematik},
  year = {1972},
  volume = {18},
  pages = {31--36}
}

@Article{Hau72a,
  author = {Hauck, J\"urgen},
  title = {Berechenbare gleichm\"a\ss{}ige {S}tetigkeit in der konstruktiven
  {A}nalysis von {K}laua},
  journal = {Wissenschaftliche Zeitschrift der Humboldt-Universit\"at zu
  Berlin},
  year = {1972},
  volume = {Math.-Nat. R. XXI},
  number = {5},
  pages = {523--526}
}

@Article{Hau72b,
  author = {Hauck, J\"urgen},
  title = {Berechenbare gleichm\"a\ss{}ige {F}initheit rekursiver Funktionale},
  journal = {Wissenschaftliche Zeitschrift der Humboldt-Universit\"at zu
  Berlin},
  year = {1972},
  volume = {Math.-Nat. R. XXI},
  number = {5},
  pages = {527--529}
}

@Article{Hau73,
  author = {Hauck, J\"urgen},
  title = {{B}erechenbare reelle {F}unktionen},
  journal = {Zeitschrift f\"ur Mathematische Logik und Grundlagen der
  Mathematik},
  year = {1973},
  volume = {19},
  pages = {121--140}
}

@Article{Hau75,
  author = {Hauck, J\"urgen},
  title = {Turingmaschinen und berechenbare reelle {F}unktionen},
  journal = {Wissenschaftliche Zeitschrift der Humboldt-Universit\"at zu
  Berlin},
  year = {1975},
  volume = {Math.-Nat. R. XXIV},
  number = {6},
  pages = {797--798}
}

@Article{Hau75a,
  author = {Hauck, J\"urgen},
  title = {Iterationsverfahren in der konstruktiven {A}nalysis},
  journal = {Wissenschaftliche Zeitschrift der Humboldt-Universit\"at zu
  Berlin},
  year = {1975},
  volume = {Math.-Nat. R. XXIV},
  number = {6},
  pages = {799--800}
}

@Article{Hau76,
  author = {Hauck, J\"urgen},
  title = {{B}erechenbare reelle {F}unktionenfolgen},
  journal = {Zeitschrift f\"ur Mathematische Logik und Grundlagen der
  Mathematik},
  year = {1976},
  volume = {22},
  pages = {265--282}
}

@Article{Hau77,
  author = {Hauck, J\"urgen},
  title = {Zum {Z}wischenwertsatz in der konstruktiven {A}nalysis},
  journal = {Wissenschaftliche Zeitschrift der Humboldt-Universit\"at zu
  Berlin},
  year = {1977},
  volume = {Math.-Nat. R. XXVI},
  number = {5},
  pages = {623--627}
}

@Article{Hau77a,
  author = {Hauck, J\"urgen},
  title = {Rekursive {F}unktionale und der {F}ixpunksatz von {B}anach},
  journal = {Wissenschaftliche Zeitschrift der Humboldt-Universit\"at zu
  Berlin},
  year = {1977},
  volume = {Math.-Nat. R. XXVI},
  number = {5},
  pages = {635--636}
}

@Article{Hau78,
  author = {Hauck, J\"urgen},
  title = {{K}onstruktive {D}arstellungen reeller {Z}ahlen und {F}olgen},
  journal = {Zeitschrift f\"ur Mathematische Logik und Grundlagen der
  Mathematik},
  year = {1978},
  volume = {24},
  pages = {365--374}
}

@Article{Hau80,
  author = {Hauck, J\"urgen},
  title = {{S}tetigkeitseigenschaften berechenbarer reeller {F}unktionen},
  journal = {Zeitschrift f\"ur Mathematische Logik und Grundlagen der
  Mathematik},
  year = {1980},
  volume = {26},
  pages = {69--76}
}

@Article{Hau80a,
  author = {Hauck, J\"urgen},
  title = {{K}onstruktive {D}arstellungen in topologischen {R}\"{a}umen mit
  rekursiver {B}asis},
  journal = {Zeitschrift f\"ur Mathematische Logik und Grundlagen der
  Mathematik},
  year = {1980},
  volume = {26},
  pages = {565--576}
}

@Article{Hau81,
  author = {Hauck, J\"urgen},
  title = {{B}erechenbarkeit in topologischen {R}\"{a}umen mit rekursiver
  {B}asis},
  journal = {Zeitschrift f\"ur Mathematische Logik und Grundlagen der
  Mathematik},
  year = {1981},
  volume = {27},
  pages = {473--480}
}

@Article{Hau82,
  author = {Hauck, J\"urgen},
  title = {{S}tetigkeitseigenschaften berechenbarer {F}unktionale},
  journal = {Zeitschrift f\"ur Mathematische Logik und Grundlagen der
  Mathematik},
  year = {1982},
  volume = {28},
  pages = {377--383}
}

@Article{Hau83,
  author = {Hauck, J\"urgen},
  title = {Konstruktive reelle {F}unktionale und {O}peratoren},
  journal = {Zeitschrift f\"ur Mathematische Logik und Grundlagen der
  Mathematik},
  year = {1983},
  volume = {29},
  pages = {213--218}
}

@Article{Hau84,
  author = {Hauck, J\"urgen},
  title = {{E}ine neue {D}efinition berechenbarer reeller {F}unktionen},
  journal = {Zeitschrift f\"ur Mathematische Logik und Grundlagen der
  Mathematik},
  year = {1984},
  volume = {30},
  pages = {259--268}
}

@Article{Hau84a,
  author = {Hauck, J\"urgen},
  title = {{Z}ur {W}ellengleichung mit konstruktiven {R}andbedingungen},
  journal = {Zeitschrift f\"ur Mathematische Logik und Grundlagen der
  Mathematik},
  year = {1984},
  volume = {30},
  pages = {561--566}
}

@Article{Hau85,
  author = {Hauck, J\"urgen},
  title = {{E}in {K}riterium f\"{u}r die konstruktive {L}\"{o}sbarkeit der
  {D}ifferentialgleichung $y'=f(x,y)$},
  journal = {Zeitschrift f\"ur Mathematische Logik und Grundlagen der
  Mathematik},
  year = {1985},
  volume = {31},
  pages = {357--362}
}

@Article{Hau87,
  author = {Hauck, J\"urgen},
  title = {{E}ine berechenbare {F}unktion mit rationalen {W}erten, die nicht
  rekursiv ist},
  journal = {Zeitschrift f\"ur Mathematische Logik und Grundlagen der
  Mathematik},
  year = {1987},
  volume = {33},
  pages = {255--256}
}

@InProceedings{Hec98,
  author = {Heckmann, Reinhold},
  title = {Contractivity of Linear Fractional Transformations},
  booktitle = {Third Real Numbers and Computers Conference},
  editor = {Chesneaux, J.-M. and J\'{e}z\'{e}quel, F. and Lamotte, J.-L. and
  Vignes, J.},
  year = {1998},
  pages = {45--59},
  publisher = {Universit\'{e} Pierre et Marie Curie, Paris},
  note = {Paris, France, April 27--29, 1998}
}

@InProceedings{Hem00,
  author = {Hemmerling, Armin},
  title = {Standard Representations of Effective Metric Spaces},
  booktitle = {Computability and Complexity in Analysis},
  editor = {Blanck, Jens and Brattka, Vasco and Hertling, Peter and Weihrauch,
  Klaus},
  year = {2000},
  month = {September},
  series = {Informatik Berichte},
  volume = {272},
  pages = {117--137},
  publisher = {FernUniversit\"at Hagen},
  note = {CCA2000 Workshop, Swansea, Wales, September 17--19, 2000}
}

@InProceedings{Hem98,
  author = {Hemmerling, Armin},
  title = {On the Time Complexity of Partial Real Functions},
  booktitle = {Computability and Complexity in Analysis},
  editor = {Ko, Ker-I and Nerode, Anil and Pour-El, Marian B. and Weihrauch,
  Klaus and Wiedermann, Ji{\v{r}}{\'{\i}}},
  year = {1998},
  month = {August},
  series = {Informatik Berichte},
  volume = {235},
  pages = {31--40},
  publisher = {FernUniversit\"at Hagen},
  note = {CCA Workshop, Brno, Czech Republik, August, 1998}
}

@Article{Hem99,
  author = {Hemmerling, Armin},
  title = {On Approximative and Algebraic Computability over the Real Numbers},
  journal = {Theoretical Computer Science},
  year = {1999},
  volume = {219},
  pages = {185--223}
}

@InProceedings{Her00,
  author = {Hertling, Peter},
  title = {Banach-{M}azur Computable Functions on Metric Spaces},
  booktitle = {Computability and Complexity in Analysis},
  editor = {Blanck, Jens and Brattka, Vasco and Hertling, Peter and Weihrauch,
  Klaus},
  year = {2000},
  month = {September},
  series = {Informatik Berichte},
  volume = {272},
  pages = {139--150},
  publisher = {FernUniversit\"at Hagen},
  note = {CCA2000 Workshop, Swansea, Wales, September 17--19, 2000}
}

@TechReport{Her93,
  author = {Hertling, Peter},
  title = {Topologische {K}omplexit\"atsgrade von {F}unktionen mit endlichem
  {B}ild},
  year = {1993},
  month = {December},
  number = {152},
  type = {Informatik Berichte},
  institution = {FernUniversit\"at Hagen},
  address = {Hagen}
}

@TechReport{Her93a,
  author = {Hertling, Peter},
  title = {Stetige {R}eduzierbarkeit auf {$\Sigma^\omega$} von {F}unktionen mit
  zweielementigem {B}ild und von zweistetigen {F}unktionen mit diskretem
  {B}ild},
  year = {1993},
  month = {December},
  number = {153},
  type = {Informatik Berichte},
  institution = {FernUniversit\"at Hagen},
  address = {Hagen}
}

@TechReport{Her95,
  author = {Hertling, Peter},
  title = {Disjunctive $\omega$-words and real numbers},
  year = {1995},
  month = {May},
  number = {180},
  type = {Informatik Berichte},
  institution = {FernUniversit\"at Hagen},
  address = {Hagen}
}

@TechReport{Her96,
  author = {Hertling, Peter},
  title = {{U}nstetigkeitsgrade von {F}unktionen in der effektiven {A}nalysis},
  year = {1996},
  month = {November},
  number = {208},
  type = {Informatik Berichte},
  institution = {FernUniversit\"at Hagen},
  address = {Hagen},
  note = {Dissertation}
}

@Article{Her96b,
  author = {Hertling, Peter},
  title = {Topological complexity with continuous operations},
  journal = {Journal of Complexity},
  year = {1996},
  volume = {12},
  pages = {315--338}
}

@Article{Her96c,
  author = {Hertling, Peter},
  title = {Disjunctive Omega-words und real numbers},
  journal = {Journal of Universal Computer Science},
  year = {1996},
  volume = {2},
  number = {7},
  pages = {549--568}
}

@InProceedings{Her97,
  author = {Hertling, Peter},
  title = {Effectivity and Effective Continuity of Functions between Computable
  Metric Spaces},
  booktitle = {Combinatorics, Complexity, and Logic},
  editor = {Bridges, Douglas S. and Calude, Cristian S. and Gibbons, Jeremy and
  Reeves, Steve and Witten, Ian H.},
  year = {1997},
  series = {Discrete Mathematics and Theoretical Computer Science},
  pages = {264--275},
  publisher = {Springer},
  address = {Singapore},
  note = {Proceedings of DMTCS'96}
}

@TechReport{Her97a,
  author = {Hertling, Peter},
  title = {The Real Number Structure is Effectively Categorical},
  year = {1997},
  month = {September},
  number = {057},
  type = {CDMTCS Research Report Series},
  institution = {University of Auckland},
  address = {Auckland}
}

@Article{Her97f,
  author = {Hertling, Peter},
  title = {Surjective Functions on Computably Growing {C}antor Sets},
  journal = {Journal of Universal Computer Science},
  year = {1997},
  volume = {3},
  number = {11},
  pages = {1226--1240}
}

@Article{Her99,
  author = {Hertling, Peter},
  title = {Standard Representations of Real Numbers},
  journal = {Chaos, Solitons \& Fractals},
  year = {1999},
  volume = {10},
  number = {6},
  pages = {1087--1101}
}

@Article{Her99a,
  author = {Hertling, Peter},
  title = {A Real Number Structure that is Effectively Categorical},
  journal = {Mathematical Logic Quarterly},
  year = {1999},
  volume = {45},
  number = {2},
  pages = {147--182}
}

@Article{Her99b,
  author = {Hertling, Peter},
  title = {An effective {R}iemann {M}apping {T}heorem},
  journal = {Theoretical Computer Science},
  year = {1999},
  volume = {219},
  pages = {225--265}
}

@Book{Hey56,
  author = {Heyting, A.},
  title = {Intuitionism, {A}n {I}ntroduction},
  year = {1956},
  publisher = {North-Holland},
  address = {Amsterdam},
  note = {[2nd. rev. edn., 1966]}
}

@TechReport{Ho94,
  author = {Ho, Chun-Kuen},
  title = {Relatively Recursive Reals and Real Functions},
  year = {1994},
  number = {1994-02},
  type = {Technical Report},
  institution = {University of Chicago, Department of Computer Science}
}

@TechReport{Ho94a,
  author = {Ho, Chun-Kuen},
  title = {Beyond recursive real functions},
  year = {1994},
  number = {1994-06},
  type = {Technical Report},
  institution = {University of Chicago, Department of Computer Science}
}

@Article{Ho96,
  author = {Ho, Chun-Kuen},
  title = {Beyond recursive real functions},
  journal = {Information and Computation},
  year = {1996},
  volume = {124},
  number = {2},
  pages = {113--126}
}

@Article{Ho99,
  author = {Ho, Chun-Kuen},
  title = {Relatively recursive reals and real functions},
  journal = {Theoretical Computer Science},
  year = {1999},
  volume = {210},
  pages = {99--120}
}

@PhdThesis{Hoo87,
  author = {Hoover, H.J.},
  title = {Feasible Constructive Analysis},
  year = {1987},
  type = {Ph.D. Dissertation},
  school = {Dept.\ of Computer Science, University of Toronto},
  address = {Toronto, Canada}
}

@Article{Hoo90,
  author = {Hoover, H.J.},
  title = {Feasible real functions and arithmetic circuits},
  journal = {SIAM Journal on Computing},
  year = {1990},
  volume = {19},
  pages = {182--204}
}

@PhdThesis{Hud62,
  author = {Hudes, L.},
  title = {Hyperarithmetical real numbers and hyperarithmetical analysis},
  year = {1962},
  type = {Ph.D. Dissertation},
  school = {Massachusetts Institute of Technology},
  address = {Cambridge, Mass.}
}

@Article{Ils65,
  author = {Ilse, Dieter},
  title = {Zur {S}tetigkeit berechenbarer reeller {F}unktionen},
  journal = {Zeitschrift f\"ur Mathematische Logik und Grundlagen der
  Mathematik},
  year = {1965},
  volume = {11},
  pages = {297--342}
}

@Article{Ish88,
  author = {Ishihara, Hajime},
  title = {Constructive reflexivity of a uniformly convex {B}anach space},
  journal = {Proc. Amer. Math. Soc.},
  year = {1988},
  volume = {104},
  number = {3},
  pages = {735--740}
}

@Article{Ish89,
  author = {Ishihara, Hajime},
  title = {On the constructive {H}ahn-{B}anach theorem},
  journal = {Bull. London Math. Soc.},
  year = {1989},
  volume = {21},
  number = {1},
  pages = {79--81}
}

@Article{Ish89a,
  author = {Ishihara, Hajime},
  title = {Constructive compact linear mappings},
  journal = {Bull. London Math. Soc.},
  year = {1989},
  volume = {21},
  pages = {577--584}
}

@Article{Ish90,
  author = {Ishihara, Hajime},
  title = {An omniscience principle, the {K}{\"{o}}nig lemma and the
  {H}ahn-{B}anach theorem},
  journal = {Zeitschrift f\"ur Mathematische Logik und Grundlagen der
  Mathematik},
  year = {1990},
  volume = {36},
  pages = {237--240}
}

@PhdThesis{Ish90a,
  author = {Ishihara, Hajime},
  title = {Boundedness, normability and compactness of constructive linear
  mappings},
  year = {1990},
  month = {mar},
  type = {Dissertation},
  school = {Tokyo Institute of Technology},
  address = {Tokyo}
}

@Article{Ish91,
  author = {Ishihara, Hajime},
  title = {Constructive compact operators on a {H}ilbert space},
  journal = {Annals of Pure and Applied Logic},
  year = {1991},
  volume = {52},
  pages = {31--37}
}

@Article{Ish91a,
  author = {Ishihara, Hajime},
  title = {Continuity and nondiscontinuity in constructive mathematics},
  journal = {The Journal of Symbolic Logic},
  year = {1991},
  volume = {56},
  number = {4},
  pages = {1349--1354}
}

@Article{Ish92,
  author = {Ishihara, Hajime},
  title = {Continuity properties in constructive mathematics},
  journal = {The Journal of Symbolic Logic},
  year = {1992},
  volume = {57},
  number = {2},
  pages = {557--565}
}

@Article{Ish92a,
  author = {Ishihara, Hajime},
  title = {Constructive existence of {M}inkowski functionals},
  journal = {Proc. Amer. Math. Soc.},
  year = {1992},
  volume = {116},
  number = {1},
  pages = {79--84}
}

@Article{Ish93,
  author = {Ishihara, Hajime},
  title = {{M}arkov's principle, {C}hurch's thesis and {L}indel{\"{o}}f's
  theorem},
  journal = {Indagations Math.},
  year = {1993},
  volume = {4},
  pages = {321--325}
}

@Article{Ish94,
  author = {Ishihara, Hajime},
  title = {A constructive version of {B}anach's inverse mapping theorem},
  journal = {New Zealand J. Math.},
  year = {1994},
  volume = {23},
  pages = {71--75}
}

@Article{Ish97,
  author = {Ishihara, Hajime},
  title = {Sequential continuity of linear mappings in constructive
  mathematics},
  journal = {Journal of Universal Computer Science},
  year = {1997},
  volume = {3},
  pages = {1250--1254}
}

@Article{KF82,
  author = {Ko, Ker-I and Friedman, H.},
  title = {Computational complexity of real functions},
  journal = {Theoretical Computer Science},
  year = {1982},
  volume = {20},
  pages = {323--352}
}

@Article{KF88,
  author = {Ko, Ker-I and Friedman, H.},
  title = {Computing power series in polynomial time},
  journal = {Advances in Applied Math.},
  year = {1988},
  volume = {9},
  pages = {40--50}
}

@InProceedings{KK00,
  author = {Korovina, Margarita V. and Kudinov, Oleg V.},
  title = {Formalisation of Computability of Operators and Real-Valued
  Functionals via Domain Theory},
  booktitle = {Computability and Complexity in Analysis},
  editor = {Blanck, Jens and Brattka, Vasco and Hertling, Peter and Weihrauch,
  Klaus},
  year = {2000},
  month = {September},
  series = {Informatik Berichte},
  volume = {272},
  pages = {227--245},
  publisher = {FernUniversit\"at Hagen},
  note = {CCA2000 Workshop, Swansea, Wales, September 17--19, 2000}
}

@InProceedings{KK76,
  author = {Kanovi\v{c}, M.I. and Ku\v{s}ner, B.A.},
  title = {Complexity of algorithms, and {S}pecker sequences},
  booktitle = {Studies in the {T}heory of {A}lgorithms and {M}athematical
  {L}ogic},
  year = {1976},
  volume = {Vol. 2},
  pages = {77--63,160},
  publisher = {Vy\v{c}isl. Centr. Akad. Nauk SSSR},
  note = {(in Russian)}
}

@Article{KK78,
  author = {Ku\v{c}era , A. and and Ku\v{s}ner, B.},
  title = {A type of recursive isomorphism of certain concepts of constructive
  analysis ({R}ussian)},
  journal = {Comment. Math. Univ. Carolin{\ae}},
  year = {1978},
  volume = {19},
  pages = {97--105}
}

@InProceedings{KK98,
  author = {Korovina, M.V. and Kudinov, O.V.},
  title = {Majorant-computability and definability over the reals},
  booktitle = {Third Real Numbers and Computers Conference},
  editor = {Chesneaux, J.-M. and J\'{e}z\'{e}quel, F. and Lamotte, J.-L. and
  Vignes, J.},
  year = {1998},
  pages = {61--80},
  publisher = {Universit\'{e} Pierre et Marie Curie, Paris},
  note = {Paris, France, April 27--29, 1998}
}

@Article{KK98a,
  author = {Korovina, M.V. and Kudinov, O.V.},
  title = {A new approach to computability over the reals},
  journal = {Siberian Advances in Mathematics},
  year = {1998},
  volume = {8},
  number = {3},
  pages = {59--73}
}

@Article{KK99,
  author = {Kamo, Hiroyasu and Kawamura, Kiko},
  title = {Computability of Self-Similar Sets},
  journal = {Mathematical Logic Quarterly},
  year = {1999},
  volume = {45},
  pages = {23--30}
}

@InProceedings{KK99a,
  author = {Korovina, M.V. and Kudinov, O.V.},
  title = {Some properties of majorant-computability},
  booktitle = {Recursion Theory and Complexity},
  editor = {Arslanov, Marat M. and Lempp, Steffen},
  year = {1999},
  series = {Logic and Its Applications},
  volume = {2},
  pages = {97--114},
  publisher = {de Gruyter},
  address = {Berlin},
  note = {Proceedings of the Kazan Workshop, Kazan, Russia, July 14--19, 1997}
}

@InProceedings{KK99b,
  author = {Korovina, M.V. and Kudinov, O.V.},
  title = {Characteristic properties of majorant-computability over the reals},
  booktitle = {Computer Science Logic},
  editor = {Gottlob, Georg and Grandjean, Etienne and Seyr, Katrin},
  year = {1999},
  series = {Lecture Notes in Computer Science},
  volume = {1584},
  pages = {188--203},
  publisher = {Springer},
  address = {Berlin},
  note = {Proceedings of the 12th International Workshop (CSL '98) (7th Annual
  Conference of the European Association for Computer Science Logic (EACSL))
  held in Brno, August 24--28, 1998}
}

@InProceedings{KKT98,
  author = {Kamo, Hiroyasu and Kawamura, Kiko and Takeuti, Izumi},
  title = {Hausdorff Dimension and Computational Complexity},
  booktitle = {Computability and Complexity in Analysis},
  editor = {Ko, Ker-I and Nerode, Anil and Pour-El, Marian B. and Weihrauch,
  Klaus and Wiedermann, Ji{\v{r}}{\'{\i}}},
  year = {1998},
  month = {August},
  series = {Informatik Berichte},
  volume = {235},
  pages = {41--50},
  publisher = {FernUniversit\"at Hagen},
  note = {CCA Workshop, Brno, Czech Republik, August, 1998}
}

@Article{KL57,
  author = {Kreisel, Georg and Lacombe, Daniel},
  title = {Ensembles r\'{e}cursivement mesurables et ensembles
  r\'{e}cursivement ouverts et ferm\'{e}s},
  journal = {Comptes Rendus Acad\'{e}mie des Sciences Paris},
  year = {1957},
  volume = {245},
  pages = {1106--1109}
}

@Article{KL82,
  author = {Kalantari, I. and Leggett, A.},
  title = {Simplicity in effective topology},
  journal = {The Journal of Symbolic Logic},
  year = {1982},
  volume = {47},
  pages = {169--183}
}

@Article{KL83,
  author = {Kalantari, I. and Leggett, A.},
  title = {Maximality in effective topology},
  journal = {The Journal of Symbolic Logic},
  year = {1983},
  volume = {48},
  pages = {100--112}
}

@Article{KLL99,
  author = {Khalouani, Mohamed and Labhalla, Salah and Lombardi, Henri},
  title = {Etude constructive de problemes de topologie pour les reels
  irrationnels.},
  journal = {Mathematical Logic Quarterly},
  year = {1999},
  volume = {45},
  number = {2},
  pages = {257--288}
}

@Article{KLS57,
  author = {Kreisel, G. and Lacombe, D. and Shoenfield, J.R.},
  title = {Fonctionnelles r\'ecursivement d\'efinissables et fonctionnelles
  r\'ecursives},
  journal = {C.R. Acad. Sci. Paris},
  year = {1957},
  volume = {245},
  pages = {399--402}
}

@InProceedings{KLS59,
  author = {Kreisel, G. and Lacombe, D. and Shoenfield, J.R.},
  title = {Partial recursive functionals and effective operations},
  booktitle = {Constructivity in Mathematics},
  editor = {Heyting, A.},
  year = {1959},
  series = {Studies in Logic and The Foundations of Mathematics},
  pages = {290--297},
  publisher = {North-Holland},
  address = {Amsterdam},
  note = {Proc. Colloq., Amsterdam, Aug. 26--31, 1957}
}

@InProceedings{KM82,
  author = {Kreisel, G. and Macintyre, A.},
  title = {Constructive logic versus algebraization, {I}},
  booktitle = {The L. E. J. Brouwer Centenary Sympos.},
  editor = {Troelstra, A.S. and van Dalen, D.},
  year = {1982},
  series = {Studies in Logic and The Foundations of Mathematics},
  volume = {110},
  pages = {217--260},
  publisher = {North-Holland},
  address = {Amsterdam},
  note = {(Noordwijkerhout, June 8--13, 1981)}
}

@TechReport{KMW96,
  author = {Ko, Ker-I and M\"uller, Norbert and Weihrauch, Klaus},
  title = {Computability and Complexity in Analysis},
  year = {1996},
  number = {96--44},
  type = {Forschungsbericht Mathematik/Informatik},
  institution = {Universit\"at Trier},
  address = {Trier},
  note = {Second CCA Workshop, Trier, August 22--23, 1996}
}

@TechReport{KNPWW98,
  author = {Ko, Ker-I and Nerode, Anil and Pour-El, Marian B. and Weihrauch,
  Klaus and Wiedermann, Ji{\v{r}}{\'{\i}}},
  title = {Computability and Complexity in Analysis},
  year = {1998},
  month = {August},
  number = {235},
  type = {Informatik Berichte},
  institution = {FernUniversit\"at Hagen},
  address = {Hagen},
  note = {Proceedings of the CCA Workshop, Brno, Czech Republik, August, 1998}
}

@Article{KP57,
  author = {Kreisel, G. and Putnam, H.},
  title = {Eine {U}nableitbarkeitsbeweismethode f\"ur den intuitionistischen
  {A}ussagenkalk\"ul},
  journal = {Arch. Math. Logic Grundlag},
  year = {1957},
  volume = {3},
  pages = {74--78}
}

@Article{KR79,
  author = {Kalantari, I. and Retzlaff, A.},
  title = {Recursive constructions in topological spaces},
  journal = {The Journal of Symbolic Logic},
  year = {1979},
  volume = {44},
  pages = {609--625}
}

@Article{KR83,
  author = {Kalantari, I. and Remmel, J.B.},
  title = {Degrees of recursively enumerable topological spaces},
  journal = {The Journal of Symbolic Logic},
  year = {1983},
  volume = {48},
  pages = {610--622}
}

@InProceedings{KS95,
  author = {Kummer, Martin and Sch\"afer, Marcus},
  title = {Computability of convex sets},
  booktitle = {STACS'95},
  editor = {Mayr, Ernst W. and Puech, Claude},
  year = {1995},
  series = {Lecture Notes in Computer Science},
  volume = {900},
  pages = {550--561},
  publisher = {Springer},
  address = {Berlin},
  note = {12th Annual STACS, Munich}
}

@Article{KT70,
  author = {Kreisel, G. and Troelstra, A.S.},
  title = {Formal systems for some branches of intuitionistic analysis},
  journal = {Ann. Math. Logic},
  year = {1970},
  volume = {1},
  pages = {229-387}
}

@Book{KV65,
  author = {Kleene, S.C. and Vesli, R.},
  title = {The foundations of intuitionistic mathematics. Especially in
  relation to recursive functions.},
  year = {1965},
  series = {Studies in Logic and The Foundations of Mathematics},
  publisher = {North-Holland},
  address = {Amsterdam}
}

@Unpublished{KW00,
  author = {Kalantari, Iraj and Welch, Lawrence},
  title = {Shadow points in recursive analysis; filter foundation for recursive
  analysis, {I}{I}{I}},
  year = {2000},
  note = {in preparation}
}

@Unpublished{KW00a,
  author = {Kalantari, Iraj and Welch, Lawrence},
  title = {Effective content of some theorems of topology},
  year = {2000},
  note = {in preparation}
}

@InProceedings{KW82a,
  author = {Kreitz, Christoph and Weihrauch, Klaus},
  title = {Complexity theory on real numbers and functions},
  booktitle = {Theoretical Computer Science},
  editor = {Cremers, A.B. and Kriegel, H.P.},
  year = {1982},
  series = {Lecture Notes in Computer Science},
  volume = {145},
  publisher = {Springer},
  note = {6th GI-Conference, Dortmund, January 5--7, 1983}
}

@InProceedings{KW84,
  author = {Kreitz, Christoph and Weihrauch, Klaus},
  title = {A unified approach to constructive and recursive analysis},
  booktitle = {Computation and Proof Theory},
  editor = {Richter, M.M. and B\"orger, E. and Oberschelp, W. and Schinzel, B.
  and Thomas, W.},
  year = {1984},
  series = {Lecture Notes in Mathematics},
  volume = {1104},
  pages = {259--278},
  publisher = {Springer},
  address = {Berlin},
  note = {Proceedings of the Logic Colloquium, Aachen, July 18--23, 1983, Part
  II}
}

@InProceedings{KW84a,
  author = {Kreitz, Christoph and Weihrauch, Klaus},
  title = {Towards a thoery of representations},
  booktitle = {Frege Conference 1984},
  editor = {Wechsung, G.},
  year = {1984},
  pages = {73--79},
  publisher = {Akademie-Verlag},
  address = {Berlin},
  note = {Proceedings of the International Conference held at Schwerin,
  September 10--14, 1984}
}

@Article{KW85,
  author = {Kreitz, Christoph and Weihrauch, Klaus},
  title = {Theory of representations},
  journal = {Theoretical Computer Science},
  year = {1985},
  volume = {38},
  pages = {35--53}
}

@Article{KW85a,
  author = {Kalantari, I. and Weitkamp, G.},
  title = {Effective topological spaces, {I}. {A} definability theory},
  journal = {Annals of Pure and Applied Logic},
  year = {1985},
  volume = {29},
  pages = {1--27}
}

@Article{KW85b,
  author = {Kalantari, I. and Weitkamp, G.},
  title = {Effective topological spaces, {I}{I}. {A} hierarchy},
  journal = {Annals of Pure and Applied Logic},
  year = {1985},
  volume = {29},
  pages = {207--224}
}

@Article{KW85c,
  author = {Kalantari, I. and Weitkamp, G.},
  title = {Effective topological spaces, {I}{I}{I}. Forcing and definability},
  journal = {Annals of Pure and Applied Logic},
  year = {1985},
  volume = {36},
  pages = {17--27}
}

@Article{KW87,
  author = {Kreitz, Christoph and Weihrauch, Klaus},
  title = {Compactness in constructive analysis revisited},
  journal = {Annals of Pure and Applied Logic},
  year = {1987},
  volume = {36},
  pages = {29--38}
}

@TechReport{KW95,
  author = {Ko, Ker-I and Weihrauch, Klaus},
  title = {Computability and Complexity in Analysis},
  year = {1995},
  month = {September},
  number = {190},
  type = {Informatik Berichte},
  institution = {FernUniversit\"at Hagen},
  address = {Hagen},
  note = {Proceedings of the CCA Workshop, Hagen, August 19--20, 1995}
}

@InProceedings{KW96,
  author = {Ko, Ker-I and Weihrauch, Klaus},
  title = {On the measure of two-dimensional regions with polynomial-time
  computable boundaries},
  booktitle = {Eleventh Annual IEEE Conference on Computational Complexity},
  editor = {Homer, Steve and Cai, Jin-Yi},
  year = {1996},
  pages = {150--159},
  publisher = {IEEE Computer Society Press},
  address = {Los Alamitos}
}

@Article{KW98,
  author = {Kalantari, Iraj and Welch, Lawrence},
  title = {Point-free topological spaces, functions and recursive points;
  filter foundation for recursive analysis. {I}},
  journal = {Annals of Pure and Applied Logic},
  year = {1998},
  volume = {93},
  number = {1--3},
  pages = {125--151}
}

@Article{KW99,
  author = {Kalantari, Iraj and Welch, Lawrence},
  title = {Recursive and nonextendible functions over the reals; filter
  foundation for recursive analysis, {I}{I}},
  journal = {Annals of Pure and Applied Logic},
  year = {1999},
  volume = {98},
  number = {1--3},
  pages = {87--110}
}

@InProceedings{Kal82,
  author = {Kalantari, I.},
  title = {Major subsets in effective topology},
  booktitle = {Patras Logic Symposion},
  editor = {Metakides, G.},
  year = {1982},
  series = {Studies in Logic and The Foundations of Mathematics},
  pages = {77--94},
  publisher = {North-Holland},
  address = {Amsterdam},
  note = {Proc. Logic Sympos. Patras, Greece, Aug. 18--22, 1980}
}

@InProceedings{Kam00,
  author = {Kamo, Hiroyasu},
  title = {Effective Contraction Theorem and its Application},
  booktitle = {Computability and Complexity in Analysis},
  editor = {Blanck, Jens and Brattka, Vasco and Hertling, Peter and Weihrauch,
  Klaus},
  year = {2000},
  month = {September},
  series = {Informatik Berichte},
  volume = {272},
  pages = {157--164},
  publisher = {FernUniversit\"at Hagen},
  note = {CCA2000 Workshop, Swansea, Wales, September 17--19, 2000}
}

@InProceedings{Kap00,
  author = {Kapoulas, George},
  title = {Polynomially Time Computable Functions over $p$-adic Fields},
  booktitle = {Computability and Complexity in Analysis},
  editor = {Blanck, Jens and Brattka, Vasco and Hertling, Peter and Weihrauch,
  Klaus},
  year = {2000},
  month = {September},
  series = {Informatik Berichte},
  volume = {272},
  pages = {165--186},
  publisher = {FernUniversit\"at Hagen},
  note = {CCA2000 Workshop, Swansea, Wales, September 17--19, 2000}
}

@TechReport{Kap99,
  author = {Kapoulas, George},
  title = {Computable $p$-adic Numbers},
  year = {1999},
  month = {November},
  number = {115},
  type = {CDMTCS Research Report Series},
  institution = {University of Auckland},
  address = {Auckland}
}

@InProceedings{Kel00,
  author = {Kelsey, Tom},
  title = {Exact Numerical Computation via Symbolic Computation},
  booktitle = {Computability and Complexity in Analysis},
  editor = {Blanck, Jens and Brattka, Vasco and Hertling, Peter and Weihrauch,
  Klaus},
  year = {2000},
  month = {September},
  series = {Informatik Berichte},
  volume = {272},
  pages = {187--197},
  publisher = {FernUniversit\"at Hagen},
  note = {CCA2000 Workshop, Swansea, Wales, September 17--19, 2000}
}

@Article{Kla56,
  author = {Klaua, D.},
  title = {Berechenbare {A}nalysis},
  journal = {Zeitschrift f\"ur Mathematische Logik und Grundlagen der
  Mathematik},
  year = {1956},
  volume = {2},
  pages = {265--303}
}

@Article{Kla59,
  author = {Klaua, D.},
  title = {Die {P}r\"azisierung des {B}erechenbarkeitsbegriffes in der
  {A}nalysis mit {H}ilfe rationaler {F}unktionale},
  journal = {Zeitschrift f\"ur Mathematische Logik und Grundlagen der
  Mathematik},
  year = {1959},
  volume = {5},
  pages = {33--96}
}

@Book{Kla61,
  author = {Klaua, D.},
  title = {Konstruktive {A}nalysis},
  year = {1961},
  publisher = {Deutscher Verlag der Wissenschaften},
  address = {Berlin}
}

@InProceedings{Kla94,
  author = {Klaua , D.},
  title = {Rational and real ordinal numbers},
  booktitle = {Real Numbers, Generalizations of the Reals, and Theories of
  Continua},
  year = {1994},
  series = {Synthese Lib.},
  volume = {242},
  pages = {259--276}
}

@Article{Ko82,
  author = {Ko, Ker-I},
  title = {The maximum value problem and {N}{P} real numbers},
  journal = {Journal of Computer and Systems Sciences},
  year = {1982},
  volume = {24},
  pages = {15--35}
}

@Article{Ko82a,
  author = {Ko, Ker-I},
  title = {Some negative results on the computational complexity of total
  variation and differentiation},
  journal = {Inform. Contr.},
  year = {1982},
  volume = {53},
  pages = {21--31}
}

@Article{Ko83,
  author = {Ko, Ker-I},
  title = {On the computational complexity of ordinary differential equations},
  journal = {Inform. Contr.},
  year = {1983},
  volume = {58},
  pages = {157--194}
}

@Article{Ko83a,
  author = {Ko, Ker-I},
  title = {On the definitions of some complexity classes of real numbers},
  journal = {Math. Systems Theory},
  year = {1983},
  volume = {16},
  pages = {95--109}
}

@Article{Ko84,
  author = {Ko, Ker-I},
  title = {Reducibilities on real numbers},
  journal = {Theoretical Computer Science},
  year = {1984},
  volume = {31},
  pages = {101--123}
}

@Article{Ko85,
  author = {Ko, Ker-I},
  title = {Continuous optimization problems and a polynomial hierarchy of real
  functions},
  journal = {Journal of Complexity},
  editor = {Traub, J.F.},
  year = {1985},
  volume = {1},
  pages = {210--231},
  note = {(Special issue: Complexity of Approximating Solved Problems, Papers
  from Sympos. Columbia Univ., Morningside Heights, NY, Apr. 17--19, 1985)}
}

@Article{Ko86,
  author = {Ko, Ker-I},
  title = {Approximation to measurable functions and its relation to
  probabilistic computation},
  journal = {Annals of Pure and Applied Logic},
  year = {1986},
  volume = {30},
  pages = {173--200}
}

@Article{Ko86a,
  author = {Ko, Ker-I},
  title = {On the computational complexity of best {C}hebyshev approximations},
  journal = {Journal of Complexity},
  year = {1986},
  volume = {2},
  pages = {95--120}
}

@Article{Ko86b,
  author = {Ko, Ker-I},
  title = {On the continued fraction representation of computable real
  numbers},
  journal = {Theoretical Computer Science},
  year = {1986},
  volume = {47},
  pages = {299--313},
  note = {corr. ibid., Vol. 54 (1987), Pages 341--343}
}

@InProceedings{Ko90,
  author = {Ko, Ker-I},
  title = {Inverting a one-to-one real function is inherently sequential},
  journal = {Progr. Comput. Sci. Appl. Logic},
  booktitle = {Feasible Mathematics},
  editor = {Buss, S. and Scott, P.J.},
  year = {1990},
  volume = {9},
  pages = {239--257},
  note = {(Proc. Workshop, June 16--18, 1989, Cornell Univ. Ithaca, NY)}
}

@Book{Ko91,
  author = {Ko, Ker-I},
  title = {Complexity Theory of Real Functions},
  year = {1991},
  series = {Progress in Theoretical Computer Science},
  publisher = {Birkh\"auser},
  address = {Boston}
}

@Article{Ko92,
  author = {Ko, Ker-I},
  title = {On the computational complexity of integral equations},
  journal = {Annals of Pure and Applied Logic},
  year = {1992},
  volume = {58},
  pages = {201--228}
}

@InProceedings{Ko95,
  author = {Ko, Ker-I},
  title = {Recent progress on complexity theory of real functions},
  booktitle = {Computability and Complexity in Analysis},
  editor = {Ko, Ker-I and Weihrauch, Klaus},
  year = {1995},
  month = {September},
  series = {Informatik Berichte},
  volume = {190},
  pages = {83--90},
  publisher = {FernUniversit\"at Hagen},
  note = {CCA Workshop, Hagen, August 19--20, 1995}
}

@Article{Ko95a,
  author = {Ko, Ker-I},
  title = {A polynomial-time computable curve whose interior has a nonrecursive
  measure},
  journal = {Theoretical Computer Science},
  year = {1995},
  volume = {145},
  pages = {241--270}
}

@Article{Ko95b,
  author = {Ko, Ker-I},
  title = {Computational complexity of fixed points and intersection points},
  journal = {Journal of Complexity},
  year = {1995},
  volume = {11},
  pages = {265--292}
}

@InProceedings{Ko96,
  author = {Ko, Ker-I},
  title = {Fractals and complexity},
  booktitle = {Computability and Complexity in Analysis},
  editor = {Ko, Ker-I and M\"uller, Norbert and Weihrauch, Klaus},
  year = {1996},
  pages = {43--48},
  publisher = {Universit\"at Trier},
  note = {Second CCA Workshop, Trier, August 22--23, 1996}
}

@Article{Ko98,
  author = {Ko, Ker-I},
  title = {On the computability of fractal dimensions and {H}ausdorff measure},
  journal = {Annals of Pure and Applied Logic},
  year = {1998},
  volume = {93},
  pages = {195--216}
}

@InProceedings{Ko98a,
  author = {Ko, Ker-I},
  title = {Polynomial-Time Computability in Analysis},
  booktitle = {Handbook of Recursive Mathematics},
  editor = {Ershov, Yu. L. and Goncharov, S.S. and Nerode, A. and Remmel,
  J.B.},
  year = {1998},
  series = {Studies in Logic and The Foundations of Mathematics},
  volume = {139},
  pages = {1271--1317},
  publisher = {Elsevier},
  address = {Amsterdam},
  note = {Volume 2, Recursive Algebra, Analysis and Combinatorics}
}

@InProceedings{Koh00,
  author = {Kohlenbach, Ulrich},
  title = {On the Computational Content of the {K}rasnoselski and {I}shikawa
  Fixed Point Theorems},
  booktitle = {Computability and Complexity in Analysis},
  editor = {Blanck, Jens and Brattka, Vasco and Hertling, Peter and Weihrauch,
  Klaus},
  year = {2000},
  month = {September},
  series = {Informatik Berichte},
  volume = {272},
  pages = {199--225},
  publisher = {FernUniversit\"at Hagen},
  note = {CCA2000 Workshop, Swansea, Wales, September 17--19, 2000}
}

@Article{Koh93,
  author = {Kohlenbach, Ulrich},
  title = {Effective moduli from ineffective uniqueness proofs. An unwinding of
  de {L}a {V}all\'{e} {P}oussin's proof for {C}hebycheff approximation},
  journal = {Annals of Pure and Applied Logic},
  year = {1993},
  volume = {64},
  pages = {27-94}
}

@Article{Koh93a,
  author = {Kohlenbach, Ulrich},
  title = {New effective moduli of uniqueness and uniform a priori estimates
  for constants of strong unicity by logical analysis of known proofs in best
  approximation theory},
  journal = {Numer. Funct. Anal. and Optimiz.},
  year = {1993},
  volume = {14},
  pages = {581-606}
}

@InProceedings{Koh96,
  author = {Kohlenbach, Ulrich},
  title = {Analysing Proofs in Analysis},
  booktitle = {Logic: from Foundations to Applications},
  editor = {Hodges, Wilfried and Hyland, Martin and Steinhorn, Charles and
  Truss, John},
  year = {1996},
  pages = {225--260},
  publisher = {Clarendon Press},
  address = {Oxford},
  note = {European Logic Colloquium}
}

@InProceedings{Koh97,
  author = {Kohlenbach, Ulrich},
  title = {Arithmetizing proofs in analysis},
  booktitle = {Logic Colloquium '96},
  editor = {Larrazabal, J.M. and Lascar, D. and Mints, G.},
  year = {1997},
  series = {Lecture Notes in Logic},
  volume = {12},
  pages = {115--158},
  publisher = {Springer},
  address = {Berlin},
  note = {Proceedings of the Colloquium held in Sebasti\'{a}n, Spain, July
  9--15, 1996}
}

@Article{Koh98,
  author = {Kohlenbach, Ulrich},
  title = {Proof theory and computational analysis},
  journal = {Electronic Notes in Theoretical Computer Science},
  year = {1998},
  volume = {13},
  pages = {1--34}
}

@Article{Kol25,
  author = {Kolmogorov, A.N.},
  title = {On the principle of tertium non datur ({R}ussian)},
  journal = {Mat. Sb.},
  year = {1925},
  volume = {32},
  pages = {646--667},
  note = {[translated in: From Frege to G\"odel: A Source Book in Logic,
  1879--1931, J. van Heijenroot, (ed.), (Harvard Univ. Press, Cambridge, Mass.
  and Oxford Univ. Press, London, 1967) 414--437]}
}

@Article{Kor92,
  author = {Korovina, M.V.},
  title = {Generalized computability of real functions},
  journal = {Siberian Advances in Mathematics},
  year = {1992},
  volume = {2},
  number = {4},
  pages = {85--103}
}

@InProceedings{Kre59,
  author = {Kreisel, G.},
  title = {Interpretation of analysis by means of constructive functionals of
  finite types},
  booktitle = {Constructivity in Mathematics},
  editor = {Heyting, A.},
  year = {1959},
  series = {Studies in Logic and The Foundations of Mathematics},
  pages = {101--128},
  publisher = {North-Holland},
  address = {Amsterdam},
  note = {Proc. Colloq., Amsterdam, Aug. 26--31, 1957}
}

@InProceedings{Kre62,
  author = {Kreisel, G.},
  title = {Foundations of {I}ntuitionistic {L}ogic, {M}ethodology and
  {P}hilisophy of {S}cience},
  booktitle = {Logic, Methodology, and Philosophy of Science},
  year = {1962},
  pages = {198--210},
  note = {(Proc. Internatl. Congr., Stanford, CA, 1960)}
}

@InProceedings{Kre70,
  author = {Kreisel, G.},
  title = {Church's thesis: {A} kind of reducibility axiom for constructive
  mathematics},
  booktitle = {Intuitionism and Proof Theory},
  editor = {Kino, A. and Myhill, J. and Vesley, R.E.},
  year = {1970},
  series = {Studies in Logic and The Foundations of Mathematics},
  pages = {121--150},
  publisher = {North-Holland},
  address = {Amsterdam},
  note = {(Proc. Conf., Buffalo, N.Y., 1968)}
}

@InProceedings{Kre73,
  author = {Kreisel, G.},
  title = {Perspectives in the philosophy of pure mathematics},
  booktitle = {Logic, Methodology, and Philosophy of Science {V}{I}},
  editor = {Suppes, P. and Henkin, L. and Joja, A. and Moisil, Gr.C.},
  year = {1973},
  series = {Studies in Logic and The Foundations of Mathematics},
  pages = {255--277},
  publisher = {North-Holland},
  address = {Amsterdam},
  note = {(Proc. 4th. Internatl. Congr. Logic, Methodology and Philos. Sci.,
  Bucharest, Aug. 29--Sept. 4,1971)}
}

@Article{Kre82,
  author = {Kreisel, G.},
  title = {Reviews: {P}our-{E}l and {R}ichards '{A} computable differential
  equation which possesses no computable solution' (1979), and 'The wave
  equation, with computable initial data such that its unique solution'
  (1981)},
  journal = {The Journal of Symbolic Logic},
  year = {1982},
  volume = {47},
  pages = {900--902}
}

@Article{Kre85,
  author = {Kreisel, G.},
  title = {Mathematical logic: tool and object lesson for science. {T}he
  present state of the problem of foundations of mathematics, Florence, 1981},
  journal = {Synthese Lib.},
  year = {1985},
  volume = {62},
  pages = {139--151}
}

@InProceedings{Krz00,
  author = {Krznari\'{c}, Marko},
  title = {Computing a Required Absolute Precision from an Exact Floating Point
  Number},
  booktitle = {Computability and Complexity in Analysis},
  editor = {Blanck, Jens and Brattka, Vasco and Hertling, Peter and Weihrauch,
  Klaus},
  year = {2000},
  month = {September},
  series = {Informatik Berichte},
  volume = {272},
  pages = {247--260},
  publisher = {FernUniversit\"at Hagen},
  note = {CCA2000 Workshop, Swansea, Wales, September 17--19, 2000}
}

@Article{Kus64,
  author = {Ku{\v{s}}ner, Boris Abramovich},
  title = {Riemann integration in constructive analysis ({R}ussian)},
  journal = {Dokl. Akad. Nauk SSSR},
  year = {1964},
  volume = {156},
  pages = {255--257},
  note = {[translated in: Soviet Math.-Dokl., 5 (1964) 628--630]}
}

@Article{Kus65,
  author = {Ku{\v{s}}ner, Boris Abramovich},
  title = {Constructive theory of the {R}iemann integral ({R}ussian)},
  journal = {Dokl. Akad. Nauk SSSR},
  year = {1965},
  volume = {165},
  pages = {1238--1240},
  note = {[translated in: Soviet Math.-Dokl. 6 (1965) 1584--1587]}
}

@Article{Kus65a,
  author = {Ku{\v{s}}ner, Boris Abramovich},
  title = {The existence of unbounded constructive analytic functions
  ({R}ussian)},
  journal = {Dokl. Akad. Nauk SSSR},
  year = {1965},
  volume = {160},
  pages = {29--31},
  note = {[translated in: Soviet Math.-Dokl., 6 (1965) 26--28]}
}

@Article{Kus67,
  author = {Ku{\v{s}}ner, Boris Abramovich},
  title = {On constructive antiderivatives ({R}ussian)},
  journal = {Mat. Zametki},
  year = {1967},
  volume = {2},
  pages = {157--166},
  note = {[translated as: Primitive constructive functions, Math. Notes, 2
  (1967) 577--582]}
}

@Article{Kus68,
  author = {Ku{\v{s}}ner, Boris Abramovich},
  title = {A remark on the domains of definition of constructive analytic
  functions ({R}ussian)},
  journal = {Zap. Nau\v{c}n. Sem. Leningrad. Otdel. Inst. Steklov.},
  year = {1968},
  volume = {8},
  pages = {103--106}
}

@Article{Kus70,
  author = {Ku{\v{s}}ner, Boris Abramovich},
  title = {Some mass problems connected with the integration of constructive
  functions ({R}ussian)},
  journal = {Trudy Mat. Inst. Steklov.},
  year = {1970},
  volume = {113},
  pages = {39--72},
  note = {[translated in: Proc. Stehlov Inst. Math., 113 (1970) 42--83]}
}

@Article{Kus73,
  author = {Ku{\v{s}}ner, Boris Abramovich},
  title = {Computationally complex real numbers ({R}ussian)},
  journal = {Zeitschrift f\"ur Mathematische Logik und Grundlagen der
  Mathematik},
  year = {1973},
  volume = {19},
  pages = {447--452}
}

@Article{Kus73a,
  author = {Ku{\v{s}}ner, Boris Abramovich},
  title = {Continuity theorems for some types of computable operators
  ({R}ussian)},
  journal = {Dokl. Akad. Nauk SSSR},
  year = {1973},
  volume = {208},
  pages = {1031--1034},
  note = {[translated in: Soviet Math. - Dokl., 14 (1973) 221--225]}
}

@Book{Kus73b,
  author = {Ku{\v{s}}ner, Boris Abramovich},
  title = {Lectures on Constructive Mathematical Analysis ({R}ussian)},
  year = {1973},
  publisher = {Izdat. Nauka},
  note = {translated: by Mendelson, E., and edited by Leifman, L.J., Transl.
  Math. Monographs, 60 (1984)}
}

@Article{Kus74,
  author = {Ku{\v{s}}ner, Boris Abramovich},
  title = {On a type of computable real function ({R}ussian)},
  journal = {Dokl. Akad. Nauk SSSR},
  year = {1974},
  volume = {215},
  pages = {259--262},
  note = {[translated in: Soviet Math. - Dokl., 15 (1974) 466--470]}
}

@InProceedings{Kus74a,
  author = {Ku{\v{s}}ner, Boris Abramovich},
  title = {A constructive version of {K}\"onig's theorem; functions that are
  computable in the sense of {M}arkov, {G}rzegorczyk and {L}acombe
  ({R}ussian)},
  booktitle = {Theory of algorithms and mathematical logic (dedicated to A.A.
  Markov on the occasion of his seventieth birthday)},
  year = {1974},
  pages = {87--111, 215},
  note = {(Vy\v{c}isl. Centr Akad. Nauk SSSR)}
}

@Article{Kus76,
  author = {Ku{\v{s}}ner, Boris Abramovich},
  title = {The computation of isolated roots of constructive functions
  ({R}ussian)},
  journal = {Zeitschrift f\"ur Mathematische Logik und Grundlagen der
  Mathematik},
  year = {1976},
  volume = {22},
  pages = {311--332}
}

@InProceedings{Kus76a,
  author = {Ku{\v{s}}ner, Boris Abramovich},
  title = {On {G}rzegorczyk's theorem on the computability of an isolated
  extremum ({R}ussian)},
  booktitle = {Studies in the Theory of Algorithms and Mathematical Logic},
  editor = {Markov, A.A. and Ku\v{s}ner, B.A.},
  year = {1976},
  volume = {2},
  pages = {112--121, 158},
  note = {(Vy\v{c}isl. Centr Akad. Nauk SSSR)}
}

@InProceedings{Kus79,
  author = {Ku{\v{s}}ner, Boris Abramovich},
  title = {Segmental coverings and uniform continuity of constructive functions
  ({R}ussian)},
  booktitle = {Studies in the Theory of Algorithms and Mathematical Logic},
  editor = {Markov, A.A. and Homi\v{c}, V.I.},
  year = {1979},
  pages = {62--69, 133},
  publisher = {Nauka}
}

@InProceedings{Kus81,
  author = {Ku{\v{s}}ner, Boris Abramovich},
  title = {Behavior of the general term of a {S}pecker series ({R}ussian)},
  booktitle = {Mathematical Logic and Mathematical Linguistics},
  editor = {Gladki\u{i}, M.},
  year = {1981},
  pages = {112--116},
  publisher = {Kalinin. Gos. Univ.}
}

@Article{Kus81a,
  author = {Ku{\v{s}}ner, Boris Abramovich},
  title = {On some topological properties of constructive plane curves
  ({R}ussian)},
  journal = {Dokl. Akad. Nauk SSSR},
  year = {1981},
  volume = {260},
  pages = {281--283},
  note = {[translated in: Soviet Math. - Dokl., 24 (1981) 258--261]}
}

@InProceedings{Kus82,
  author = {Ku{\v{s}}ner, Boris Abramovich},
  title = {Some extensions of {M}arkov's constructive continuum and their
  applications to the theory of constructive functions},
  booktitle = {The L.E.J. Brouwer Centenary Symposium (Noordwijkerhout, June
  8-13,1981)},
  editor = {Troelstra, A.S. and van Dalen, D.},
  year = {1982},
  series = {Studies in Logic and The Foundations of Mathematics},
  volume = {110},
  pages = {261--273},
  publisher = {North-Holland},
  address = {Amsterdam}
}

@InProceedings{Kus83,
  author = {Ku{\v{s}}ner, Boris Abramovich},
  title = {A class of {S}pecker sequences ({R}ussian)},
  booktitle = {Mathematical Logic, Mathematical Linguistics and Theory of
  Algorithms},
  editor = {Gladli\u{i}, M.},
  year = {1983},
  pages = {62--65},
  publisher = {Kalinin. Gos. Univ.}
}

@Book{Kus84,
  author = {Ku{\v{s}}ner, Boris Abramovich},
  title = {Lectures on Constructive Mathematical Analysis},
  year = {1984},
  volume = {60},
  publisher = {American Mathematical Society},
  address = {Providence}
}

@Article{Kus85,
  author = {Ku{\v{s}}ner, Boris Abramovich},
  title = {Differentiability and uniform continuity of constructive functions
  ({R}ussian)},
  journal = {Doklady Akad. Nauk},
  year = {1985},
  volume = {281},
  pages = {1314--1316},
  note = {[translated in: Soviet Math. - Dokl., 31 (1985) 433--435]}
}

@InProceedings{Kus87,
  author = {Ku{\v{s}}ner, Boris Abramovich},
  title = {The principle of bar-induction in {B}rouwer's theory of the
  continuum ({R}ussian)},
  booktitle = {Patterns in the Development of Modern Mathematics,
  Methodological Aspects},
  editor = {Panov, M.I.},
  year = {1987},
  pages = {230--250},
  publisher = {Nauka}
}

@InProceedings{Kus88,
  author = {Ku{\v{s}}ner, Boris Abramovich},
  title = {Effective meaning of a theorem on uniform limit transition
  ({R}ussian)},
  booktitle = {Problems in Mathematical Logic and in the Theory of Algorithms},
  editor = {Nagorny\u{i}, N.M.},
  year = {1988},
  pages = {3--10},
  publisher = {Akad. Nauk SSSR, Vy\v{c}isl. Centr.}
}

@InProceedings{Kus90,
  author = {Ku{\v{s}}ner, Boris Abramovich},
  title = {Markov's constructive mathematical analysis: the expectations and
  the results},
  booktitle = {Mathematical Logic},
  editor = {Petkov, P.P.},
  year = {1990},
  pages = {53--58},
  publisher = {Plenum},
  note = {(Proc. Heyting '88 Summer School, Chaika, Sept. 13--23, 1988)}
}

@Article{Kus93,
  author = {Ku{\v{s}}ner, Boris Abramovich},
  title = {The constructive mathematics of {A}.{A}. {M}arkov: some reflections
  ({R}ussian)},
  journal = {Modern Logic},
  year = {1993},
  volume = {3},
  pages = {119--144}
}

@InProceedings{Kus93a,
  author = {Ku{\v{s}}ner, Boris Abramovich},
  title = {Markov and {B}ishop: an essay in memory of {A}.{A}. {M}arkov
  (1903--1979) and {E}. {B}ishop (1928--1983)},
  booktitle = {Golden Years of Moscow Mathematics},
  editor = {Zdrovkovska, S. and Duren, P.L.},
  year = {1993},
  series = {Hist. Math.},
  volume = {6},
  pages = {179--197}
}

@InProceedings{Kus96,
  author = {Ku{\v{s}}ner, Boris Abramovich},
  title = {Kurt {G}\"odel and the constructive mathematics of {A}.{A}.
  {M}arkov},
  booktitle = {G\"odel '96},
  editor = {H\'ajek, P.},
  year = {1996},
  series = {Lecture Notes in Logic},
  volume = {6},
  pages = {50--63},
  note = {Proc. Conf, Brno, August 1996}
}

@Article{Kus99,
  author = {Ku{\v{s}}ner, Boris Abramovich},
  title = {Markov's constructive analysis; a participant's view},
  journal = {Theoretical Computer Science},
  year = {1999},
  volume = {219},
  pages = {267--285}
}

@InProceedings{LCL98,
  author = {Lester, David and Chambers, Scott and Lu, Heoi Lee},
  title = {The Computable Eigenvalue Problem},
  booktitle = {Third Real Numbers and Computers Conference},
  editor = {Chesneaux, J.-M. and J\'{e}z\'{e}quel, F. and Lamotte, J.-L. and
  Vignes, J.},
  year = {1998},
  pages = {155--165},
  publisher = {Universit\'{e} Pierre et Marie Curie, Paris},
  note = {Paris, France, April 27--29, 1998}
}

@Article{LL90,
  author = {Labhalla, Salah and Lombardi, Henri},
  title = {Real numbers, continued fractions, and complexity classes},
  journal = {Annals of Pure and Applied Logic},
  year = {1990},
  volume = {50},
  pages = {1--28}
}

@Article{LL90a,
  author = {Labhalla, Salah and Lombardi, Henri},
  title = {Comparaison des complexites des nombres reels dans differentes
  representations (a la Cauchy, a la Dedekind, par fractions continues)},
  journal = {Comptes Rendus Acad\'{e}mie des Sciences Paris},
  year = {1990},
  volume = {310},
  pages = {483--488}
}

@Article{LL90b,
  author = {Labhalla, Salah and Lombardi, Henri},
  title = {Comparaison des differentes representations des nombres reels du
  point de vue des fonctionnelles recursives},
  journal = {Comptes Rendus Acad\'{e}mie des Sciences Paris},
  year = {1990},
  volume = {311},
  pages = {229--234}
}

@Article{LL91,
  author = {Labhalla, Salah and Lombardi, Henri},
  title = {Complexite du calcul du developpement d'un nombre reel en fractions
  continues},
  journal = {Theoretical Computer Science},
  year = {1991},
  volume = {83},
  pages = {219--235}
}

@Article{LL96,
  author = {Labhalla, Salah and Lombardi, Henri},
  title = {Analyse de complexit\'e pour un th\'eor\`eme de {H}all sur les
  fractions continues},
  journal = {Mathematical Logic Quarterly},
  year = {1996},
  volume = {42},
  pages = {134--144}
}

@Unpublished{LLM97,
  author = {Labhalla, S. and Lombardi, H. and Moutai, E.},
  title = {Espaces m\'etriques rationnellment pr\'esent\'es et complexit\'e, le
  cas de l'espace des fonctions r\'eelles uniform\'ent continues sur un
  intervalle compact},
  year = {1997},
  note = {preprint}
}

@InProceedings{LS00,
  author = {Lisovik, Leonid and Shkaravska, Olha},
  title = {On Fractal Dimension of Sets Defined by Transducers},
  booktitle = {Computability and Complexity in Analysis},
  editor = {Blanck, Jens and Brattka, Vasco and Hertling, Peter and Weihrauch,
  Klaus},
  year = {2000},
  month = {September},
  series = {Informatik Berichte},
  volume = {272},
  pages = {261--270},
  publisher = {FernUniversit\"at Hagen},
  note = {CCA2000 Workshop, Swansea, Wales, September 17--19, 2000}
}

@Article{Lac55,
  author = {Lacombe, Daniel},
  title = {Classes r\'{e}cursivement ferm\'{e}s et fonctions majorantes},
  journal = {Comptes Rendus Acad\'{e}mie des Sciences Paris},
  year = {1955},
  month = {June},
  volume = {240},
  pages = {716--718},
  note = {Th\'{e}orie des fonctions}
}

@Article{Lac55a,
  author = {Lacombe, Daniel},
  title = {Extension de la notion de fonction r\'{e}cursive aux fonctions d'une
  ou plusieurs variables r\'{e}elles {I}},
  journal = {Comptes Rendus Acad\'{e}mie des Sciences Paris},
  year = {1955},
  month = {June},
  volume = {240},
  pages = {2478--2480},
  note = {Th\'{e}orie des fonctions}
}

@Article{Lac55b,
  author = {Lacombe, Daniel},
  title = {Extension de la notion de fonction r\'{e}cursive aux fonctions d'une
  ou plusieurs variables r\'{e}elles {II}},
  journal = {Comptes Rendus Acad\'{e}mie des Sciences Paris},
  year = {1955},
  month = {July},
  volume = {241},
  pages = {13--14},
  note = {Th\'{e}orie des fonctions}
}

@Article{Lac55c,
  author = {Lacombe, Daniel},
  title = {Extension de la notion de fonction r\'{e}cursive aux fonctions d'une
  ou plusieurs variables r\'{e}elles {III}},
  journal = {Comptes Rendus Acad\'{e}mie des Sciences Paris},
  year = {1955},
  month = {July},
  volume = {241},
  pages = {151--153},
  note = {Th\'{e}orie des fonctions}
}

@Article{Lac55d,
  author = {Lacombe, Daniel},
  title = {Remarques sur les op\'{e}rateurs r\'{e}cursifs et sur les fonctions
  r\'{e}cursives d'une variable r\'{e}elle},
  journal = {Comptes Rendus Acad\'{e}mie des Sciences Paris},
  year = {1955},
  month = {November},
  volume = {241},
  pages = {1250--1252},
  note = {Th\'{e}orie des fonctions}
}

@Article{Lac57,
  author = {Lacombe, Daniel},
  title = {Les ensembles r\'{e}cursivement ouverts ou ferm\'{e}s, et leurs
  applications \`{a} l'{A}nalyse r\'{e}cursive},
  journal = {Comptes Rendus Acad\'{e}mie des Sciences Paris},
  year = {1957},
  volume = {245},
  pages = {1040--1043},
  note = {Logique}
}

@Article{Lac57a,
  author = {Lacombe, Daniel},
  title = {Quelques propri\'et\'es d'analyse r\'ecursive},
  journal = {Comptes Rendus Acad\'{e}mie des Sciences Paris},
  year = {1957},
  volume = {244},
  pages = {838--840,996--997}
}

@Article{Lac58,
  author = {Lacombe, Daniel},
  title = {Les ensembles r\'{e}cursivement ouverts ou ferm\'{e}s, et leurs
  applications \`{a} l'{A}nalyse r\'{e}cursive},
  journal = {Comptes Rendus Acad\'{e}mie des Sciences Paris},
  year = {1958},
  volume = {246},
  pages = {28--31},
  note = {Logique}
}

@InProceedings{Lac58a,
  author = {Lacombe, Daniel},
  title = {Sur les possibilites d'extension de la notion de fonction
  r\'{e}cursive aux fonctions d'une ou plusieurs variables r\'{e}elles},
  booktitle = {Le raisonnement en mathematiques et en sciences},
  year = {1958},
  pages = {67--75},
  publisher = {Editions du Centre National de la Recherche Scientifique},
  address = {Paris},
  note = {Colloques Internationaux du Centre National de la Recherche
  Scientifique, LXX}
}

@InProceedings{Lac59,
  author = {Lacombe, Daniel},
  title = {Quelques proc\'{e}d\'{e}s de d\'{e}finition en topologie
  r\'{e}cursive},
  booktitle = {Constructivity in mathematics},
  editor = {Heyting, A.},
  year = {1959},
  pages = {129--158},
  publisher = {North-Holland},
  address = {Amsterdam},
  note = {Colloquium at Amsterdam, 1957}
}

@Article{Lac63,
  author = {Lachlan, A.H.},
  title = {Recursive real numbers},
  journal = {The Journal of Symbolic Logic},
  year = {1963},
  volume = {28},
  pages = {1--16}
}

@Article{Lew92,
  author = {Lewis, A.A.},
  title = {Some aspects of effectively constructive mathematics that are
  relevant to the foundations of neoclassical mathematical economics and the
  theory of games},
  journal = {Math. Social Sciences},
  year = {1992},
  volume = {24},
  pages = {209--235}
}

@InProceedings{Lie98,
  author = {Lieutier, Andr{\`{e}}},
  title = {Toward a data type for Solid Modeling based on Domain Theory},
  booktitle = {Computability and Complexity in Analysis},
  editor = {Ko, Ker-I and Nerode, Anil and Pour-El, Marian B. and Weihrauch,
  Klaus and Wiedermann, Ji{\v{r}}{\'{\i}}},
  year = {1998},
  month = {August},
  series = {Informatik Berichte},
  volume = {235},
  pages = {51--60},
  publisher = {FernUniversit\"at Hagen},
  note = {CCA Workshop, Brno, Czech Republik, August, 1998}
}

@InProceedings{MBV00,
  author = {Meyssonnier, Charles and Boldi, Paolo and Vigna, Sebastiano},
  title = {$\delta$-approximable Functions},
  booktitle = {Computability and Complexity in Analysis},
  editor = {Blanck, Jens and Brattka, Vasco and Hertling, Peter and Weihrauch,
  Klaus},
  year = {2000},
  month = {September},
  series = {Informatik Berichte},
  volume = {272},
  pages = {287--297},
  publisher = {FernUniversit\"at Hagen},
  note = {CCA2000 Workshop, Swansea, Wales, September 17--19, 2000}
}

@InProceedings{MM93,
  author = {M{\"u}ller, Norbert Th. and Moiske, B.},
  title = {Solving Initial Value Problems in Polynomial Time},
  booktitle = {Proceedings of the 22th JAIIO - Panel'93, Part 2},
  year = {1993},
  pages = {283--293},
  note = {Buenos Aires, 1993}
}

@Article{MMOS90,
  author = {Matijasevi\v{c}, Yu.V. and Mints, G.E. and Orevkov, V.P. and
  Slisenko, A.O.},
  title = {Nikola\u{i} {A}leksandrovich {S}hanin (on his seventieth birthday),
  ({R}ussian)},
  journal = {Uspekhi Mat. Nauk},
  year = {1990},
  volume = {45},
  pages = {205--206},
  note = {[translated in: Russian Math. Surveys, 45:1 (1990) 239--240]}
}

@InProceedings{MN82,
  author = {Metakides, George and Nerode, Anil},
  title = {The introduction of non-recursive methods into mathematics},
  booktitle = {The L.E.J. Brouwer Centenary Symposium},
  editor = {Troelstra, A.S. and Dalen, D. van},
  year = {1982},
  series = {Studies in Logic and the foundations of mathematics},
  volume = {110},
  pages = {319--335},
  publisher = {North-Holland},
  address = {Amsterdam},
  note = {Proceedings of the conference held in Noordwijkerhout, June 8--13,
  1981}
}

@InProceedings{MNS85,
  author = {Metakides, George and Nerode, Anil and Shore, R.A.},
  title = {Recursive limits on the {H}ahn-{B}anach theorem},
  booktitle = {Errett Bishop: Reflections on Him and His Research},
  editor = {Rosenblatt, Murray},
  year = {1985},
  series = {Contemporary Mathematics},
  volume = {39},
  pages = {85--91},
  publisher = {American Mathematical Society},
  address = {Providence},
  note = {Proceedings of the memorial meeting for Errett Bishop, University of
  California, San Diego, September 24, 1983}
}

@Article{MS55,
  author = {Myhill, J. and Shepherdson, J.},
  title = {Effective operations on partial recursive functions},
  journal = {Zeitschrift f\"ur Mathematische Logik und Grundlagen der
  Mathematik},
  year = {1955},
  volume = {1},
  pages = {310--317}
}

@InProceedings{MTY97,
  author = {Mori, Takakazu and Tsujii, Yoshiki and Yasugi, Mariko},
  title = {Computability Structures on Metric Spaces},
  booktitle = {Combinatorics, Complexity, and Logic},
  editor = {Bridges, Douglas S. and Calude, Cristian S. and Gibbons, Jeremy and
  Reeves, Steve and Witten, Ian H.},
  year = {1997},
  series = {Discrete Mathematics and Theoretical Computer Science},
  pages = {351--362},
  publisher = {Springer},
  address = {Singapore},
  note = {Proceedings of DMTCS'96}
}

@Article{MZ68,
  author = {Manukjan, S.N. and Zaslavski\u{i}, I.D.},
  title = {Partitionings of the plane by constructive curves ({R}ussian)},
  journal = {Trudy Vy\v{c}isl. Centr. Akad. Nauk Armjan. SSR i Erevan. Gos.
  Univ.},
  year = {1968},
  volume = {5},
  pages = {26--138}
}

@InProceedings{Mar00,
  author = {Martin, Keye},
  title = {Complexity and Verification of a Renee Equation},
  booktitle = {Computability and Complexity in Analysis},
  editor = {Blanck, Jens and Brattka, Vasco and Hertling, Peter and Weihrauch,
  Klaus},
  year = {2000},
  month = {September},
  series = {Informatik Berichte},
  volume = {272},
  pages = {271--286},
  publisher = {FernUniversit\"at Hagen},
  note = {CCA2000 Workshop, Swansea, Wales, September 17--19, 2000}
}

@Article{Mar54,
  author = {Markov, A.A.},
  title = {On the continuity of constructive functions ({R}russian)},
  journal = {Uspekhi Mat. Nauk (N.S.)},
  year = {1954},
  volume = {9},
  pages = {226--230}
}

@Book{Mar70,
  author = {Martin-L\"{o}f, Per},
  title = {Notes on constructive mathematics},
  year = {1970},
  publisher = {Almqvist and Wiksell},
  address = {Stockholm}
}

@Book{Maz63,
  author = {Mazur, S.},
  title = {Computable Analysis},
  year = {1963},
  volume = {33},
  publisher = {Razprawy Matematyczne},
  address = {Warsaw}
}

@Article{Mes56a,
  author = {Meschkowski, Herbert},
  title = {Rekursive reelle {Z}ahlen},
  journal = {Math. Z.},
  year = {1956},
  volume = {66},
  pages = {189--202}
}

@Article{Mil70,
  author = {Miller, W.},
  title = {Recursive function theory and numerical analysis},
  journal = {Journal of the Association for Computing Machinery},
  year = {1970},
  volume = {4},
  pages = {465--472}
}

@InProceedings{Mor00,
  author = {Mori, Takakazu},
  title = {Computabilities of Functions on Effectively Separable Metric
  Spaces},
  booktitle = {Computability and Complexity in Analysis},
  editor = {Blanck, Jens and Brattka, Vasco and Hertling, Peter and Weihrauch,
  Klaus},
  year = {2000},
  month = {September},
  series = {Informatik Berichte},
  volume = {272},
  pages = {299--317},
  publisher = {FernUniversit\"at Hagen},
  note = {CCA2000 Workshop, Swansea, Wales, September 17--19, 2000}
}

@Article{Mos57,
  author = {Mostowski, A.},
  title = {On computable sequences},
  journal = {Fundamenta Mathematicae},
  year = {1957},
  volume = {44},
  pages = {37--51}
}

@InProceedings{Mos59,
  author = {Mostowski, A.},
  title = {On various degrees of constructivism},
  booktitle = {Constructivity in Mathematics},
  editor = {Heyting, A.},
  year = {1959},
  series = {Studies in Logic and The Foundations of Mathematics},
  pages = {178--194},
  publisher = {North-Holland},
  address = {Amsterdam},
  note = {Proc. Colloq., Amsterdam, Aug. 26--31, 1957}
}

@Article{Mos64,
  author = {Moschovakis, Yiannis Nicholas},
  title = {Notation systems and recursive ordered fields},
  journal = {Compositio Math.},
  year = {1964},
  volume = {17},
  pages = {40--71}
}

@Article{Mos64a,
  author = {Moschovakis, Yiannis Nicholas},
  title = {Recursive metric spaces},
  journal = {Fundamenta Mathematicae},
  year = {1964},
  volume = {55},
  pages = {215--238}
}

@Article{Mos96,
  author = {Moschovakis, J.R.},
  title = {A classical view of the intuitionistic continuum},
  journal = {Annals of Pure and Applied Logic},
  year = {1996},
  volume = {81},
  pages = {9--24}
}

@InProceedings{Mue00,
  author = {M{\"u}ller, Norbert Th.},
  title = {The {iRRAM}: Exact Arithmetic in {C}++},
  booktitle = {Computability and Complexity in Analysis},
  editor = {Blanck, Jens and Brattka, Vasco and Hertling, Peter and Weihrauch,
  Klaus},
  year = {2000},
  month = {September},
  series = {Informatik Berichte},
  volume = {272},
  pages = {319--350},
  publisher = {FernUniversit\"at Hagen},
  note = {CCA2000 Workshop, Swansea, Wales, September 17--19, 2000}
}

@TechReport{Mue86,
  author = {M{\"u}ller, Norbert Th.},
  title = {Computational complexity of real functions and real numbers},
  year = {1986},
  month = {June},
  number = {59},
  type = {Informatik Berichte},
  institution = {FernUniversit\"at Hagen},
  address = {Hagen}
}

@InProceedings{Mue86a,
  author = {M{\"u}ller, Norbert Th.},
  title = {Subpolynomial complexity classes of real functions and real
  numbers},
  booktitle = {Proceedings of the 13th International Colloquium on Automata,
  Languages, and Programming},
  editor = {Kott, Laurent},
  year = {1986},
  series = {Lecture Notes in Computer Science},
  volume = {226},
  pages = {284--293},
  publisher = {Springer},
  address = {Berlin}
}

@InProceedings{Mue87,
  author = {M{\"u}ller, Norbert Th.},
  title = {Uniform Computational Complexity of {T}aylor series},
  booktitle = {Proceedings of the 14th International Colloquium on Automata,
  Languages, and Programming},
  editor = {Ottmann, Thomas},
  year = {1987},
  series = {Lecture Notes in Computer Science},
  volume = {267},
  pages = {435--444},
  publisher = {Springer},
  address = {Berlin}
}

@PhdThesis{Mue88,
  author = {M{\"u}ller, Norbert Th.},
  title = {Untersuchungen zur Komplexit\"at reeller Funktionen},
  year = {1988},
  school = {Fachbereich Mathematik und Informatik},
  address = {FernUniversit\"{a}t Hagen}
}

@InProceedings{Mue93,
  author = {M{\"u}ller, Norbert Th.},
  title = {Polynomial Time Computation of {T}aylor series},
  booktitle = {Proceedings of the 22th JAIIO - Panel'93, Part 2},
  year = {1993},
  pages = {259--281},
  note = {Buenos Aires, 1993}
}

@InProceedings{Mue95,
  author = {M{\"u}ller, Norbert Th.},
  title = {Constructive aspects of analytic functions},
  booktitle = {Computability and Complexity in Analysis},
  editor = {Ko, Ker-I and Weihrauch, Klaus},
  year = {1995},
  month = {September},
  series = {Informatik Berichte},
  volume = {190},
  pages = {105--114},
  publisher = {FernUniversit\"at Hagen},
  note = {CCA Workshop, Hagen, August 19--20, 1995}
}

@InProceedings{Mue96,
  author = {M{\"u}ller, Norbert Th.},
  title = {Towards a real {R}eal {RAM}: a prototype using {C$++$}},
  booktitle = {Computability and Complexity in Analysis},
  editor = {Ko, Ker-I and M\"uller, Norbert and Weihrauch, Klaus},
  year = {1996},
  pages = {59--66},
  publisher = {Universit\"at Trier},
  note = {Second CCA Workshop, Trier, August 22--23, 1996}
}

@InProceedings{Mue98,
  author = {M{\"u}ller, Norbert Th.},
  title = {Implementing limits in an interactive {RealRAM}},
  booktitle = {Third Real Numbers and Computers Conference},
  editor = {Chesneaux, J.-M. and J\'{e}z\'{e}quel, F. and Lamotte, J.-L. and
  Vignes, J.},
  year = {1998},
  pages = {59--66},
  publisher = {Universit\'{e} Pierre et Marie Curie, Paris},
  note = {Paris, France, April 27-29, 1998}
}

@Article{Mue99,
  author = {M{\"u}ller, Norbert Th.},
  title = {Computability on random variables},
  journal = {Theoretical Computer Science},
  year = {1999},
  volume = {219},
  pages = {287--299}
}

@Article{Myh71,
  author = {Myhill, J.},
  title = {A recursive function defined on a compact interval and having a
  continuous derivative that is not recursive},
  journal = {Michigan Math.\ J.},
  year = {1971},
  volume = {18},
  pages = {97--98}
}

@Article{Myh72,
  author = {Myhill, J.},
  title = {What is a real number?},
  journal = {The American Mathematical Monthly},
  year = {1972},
  volume = {79},
  pages = {748--754}
}

@Article{NH85,
  author = {Nerode, Anil and Huang, Wen-Qi},
  title = {Application of pure recursion theory in recursive analysis},
  journal = {Acta Mathematica Sinica},
  year = {1985},
  volume = {28},
  pages = {625--636},
  note = {(in Chinese)}
}

@Proceedings{NKW99,
  title = {Computability and Complexity in Analysis},
  editor = {Nerode, Anil and Ko, Ker-I and Weihrauch, Klaus},
  year = {1999},
  volume = {219},
  publisher = {Elsevier},
  address = {Amsterdam},
  note = {Special issue of Theoretical Computer Science}
}

@Book{OS75,
  title = {Problems in the constructive trend in mathematics {VI}},
  editor = {Orevkov, V.P. and \v{{S}}anin, N.A.},
  year = {1975},
  publisher = {American Mathematical Society},
  address = {Providence, R.I.},
  note = {Proc. Steklov Inst. Math., 129 (1973)}
}

@InProceedings{OS94,
  author = {Oliveira, W.R. de and Smyth, M.B.},
  title = {Quasimetric $\Sigma$-algebras},
  booktitle = {SEMISH'94},
  year = {1994},
  pages = {547--561},
  publisher = {Sociedade Brasileira de Computa\c{c}\~{a}o},
  note = {XXI Seminario Integrado de Software e Hardware, Minas Gerais,
  Brazil}
}

@Article{Ore63,
  author = {Orevkov, V.P.},
  title = {A constructive mappping of the square onto itself displacing every
  constructive point ({R}ussian)},
  journal = {Doklady Akad. Nauk},
  year = {1963},
  volume = {152},
  pages = {55--58},
  note = {translated in: Soviet Math. - Dokl., 4 (1963) 1253--1256}
}

@Article{Ore63a,
  author = {Orevkov, V.P.},
  title = {Constructive mappings of polyhedra ({R}ussian)},
  journal = {Doklady Akad. Nauk},
  year = {1963},
  volume = {152},
  pages = {278--281}
}

@Article{Ore64,
  author = {Orevkov, V.P.},
  title = {Certain questions of the theory of polynomials with constructive
  real coefficients ({R}ussian)},
  journal = {Trudy Mat. Inst. Steklov.},
  year = {1964},
  volume = {72},
  pages = {462--487}
}

@Article{Ore64a,
  author = {Orevkov, V.P.},
  title = {On constructive mappings of a circle into itself ({R}ussian)},
  journal = {Trudy Mat. Inst. Steklov.},
  year = {1964},
  volume = {72},
  pages = {437--461}
}

@Article{Ore67,
  author = {Orevkov, V.P.},
  title = {Certain types of continuity of constructive operators ({R}ussian)},
  journal = {Trudy Mat. Inst. Steklov.},
  year = {1967},
  volume = {93},
  pages = {164--186}
}

@Article{Ore67a,
  author = {Orevkov, V.P.},
  title = {Constructive mappings of finite polyhedra ({R}ussian)},
  journal = {Trudy Mat. Inst. Steklov.},
  year = {1967},
  volume = {93},
  pages = {142--163}
}

@Article{Ore69,
  author = {Orevkov, V.P.},
  title = {Certain properties of homeomorphisms of constructive metric spaces
  ({R}ussian)},
  journal = {Zap. Nau\v{c}n. Sem. Leningrad. Otdel. Inst. Steklov.},
  year = {1969},
  volume = {16},
  pages = {157--164}
}

@Article{Ore71,
  author = {Orevkov, V.P.},
  title = {The continuity of constructive functionals ({R}ussian)},
  journal = {Zap. Nau\v{c}n. Sem. Leningrad. Otdel. Inst. Steklov.},
  year = {1971},
  volume = {20},
  pages = {160--169,287}
}

@Article{Ore73,
  author = {Orevkov, V.P.},
  title = {The complexity of the expansion of algebraic irrationalities in
  continued fractions ({R}ussian)},
  journal = {Trudy Mat. Inst. Steklov.},
  year = {1973},
  volume = {129},
  pages = {24--29,267}
}

@Article{Ore74,
  author = {Orevkov, V.P.},
  title = {A new proof of the uniqueness theorem for constructive
  differentiable functions of a complex variable ({R}ussian)},
  journal = {Zap. Nau\v{c}n. Sem. Leningrad. Otdel. Inst. Steklov.},
  year = {1974},
  volume = {40},
  pages = {119--126,159}
}

@Article{PC75,
  author = {Pour-El, Marian and Caldwell, J.},
  title = {On a simple definition of computable functions of a real variable},
  journal = {Zeitschrift f\"ur Mathematische Logik und Grundlagen der
  Mathematik},
  year = {1975},
  volume = {21},
  pages = {1--19}
}

@Article{PR78,
  author = {Pour-El, Marian Boykan and Ricards, J. Ian},
  title = {Differentiability properties of computable functions- a summary},
  journal = {Acta Cybernetica},
  year = {1978},
  volume = {4},
  pages = {123--125}
}

@Article{PR79,
  author = {Pour-El, Marian Boykan and Ricards, J. Ian},
  title = {A computable ordinary differential equation which possesses no
  computable solution},
  journal = {Annals Math.\ Logic},
  year = {1979},
  volume = {17},
  pages = {61--90}
}

@Article{PR81,
  author = {Pour-El, Marian Boykan and Ricards, J. Ian},
  title = {The wave equation with computable inital data such that its unique
  solution is not computable},
  journal = {Advances in Math.},
  year = {1981},
  volume = {39},
  pages = {215--239}
}

@Article{PR83,
  author = {Pour-El, Marian Boykan and Ricards, J. Ian},
  title = {Computability and noncomputability in classical analysis},
  journal = {Trans.\ Amer.\ Math.\ Soc.},
  year = {1983},
  volume = {275},
  pages = {539--560}
}

@Article{PR83a,
  author = {Pour-El, Marian Boykan and Ricards, J. Ian},
  title = {Noncomputability in analysis and physics: a complete determination
  of the class of noncomputable linear operators},
  journal = {Advances in Math.},
  year = {1983},
  volume = {48},
  pages = {44--74}
}

@Article{PR84,
  author = {Pour-El, Marian Boykan and Ricards, J. Ian},
  title = {{$L^p$}-computability in recursive analysis},
  journal = {Proceedings of the American Mathematical Society},
  year = {1984},
  volume = {92},
  pages = {93--97}
}

@Article{PR86,
  author = {Pour-El, Marian Boykan and Ricards, J. Ian},
  title = {Three theorems on the computability of linear operators, their
  eigenvalues and eigenvectors},
  journal = {S\={u}rikaisekikenky\={u}sho K\={o}ky\={u}roku},
  year = {1986},
  volume = {588},
  pages = {149--161},
  note = {Logic and the foundations of mathematics (Japanese)}
}

@Article{PR87,
  author = {Pour-El, Marian Boykan and Ricards, J. Ian},
  title = {The eigenvalues of an effectively determined self-adjoint operator
  are computable, but the sequence of eigenvalues is not},
  journal = {Advances in Math.},
  year = {1987},
  volume = {63},
  pages = {1--41}
}

@Book{PR89,
  author = {Pour-El, Marian B. and Richards, J. Ian},
  title = {Computability in Analysis and Physics},
  year = {1989},
  series = {Perspectives in Mathematical Logic},
  publisher = {Springer},
  address = {Berlin}
}

@Article{PZ97,
  author = {Pour-El, Marian and Zhong, Ning},
  title = {The Wave Equation with Computable Initial Data Whose Unique Solution
  Is Nowhere Computable},
  journal = {Mathematical Logic Quarterly},
  year = {1997},
  volume = {43},
  number = {4},
  pages = {499--509}
}

@Article{Pla99,
  author = {Plato, Jan von},
  title = {Order in open intervals of computable reals},
  journal = {Mathematical Structures in Computer Science},
  year = {1999},
  volume = {9},
  pages = {103--108}
}

@Article{Pou74,
  author = {Pour-El, Marian Boykan},
  title = {Abstract computability and its relation to the general purpose
  analog computer (some connections between logic, differential equations and
  analog computers)},
  journal = {Trans.\ Amer.\ Math.\ Soc.},
  year = {1974},
  volume = {199},
  pages = {1--28}
}

@InProceedings{Pou95,
  author = {Pour-El, Marian Boykan},
  title = {Church's thesis and recursive analysis},
  booktitle = {Computability and Complexity in Analysis},
  editor = {Ko, Ker-I and Weihrauch, Klaus},
  year = {1995},
  month = {September},
  series = {Informatik Berichte},
  volume = {190},
  pages = {115--118},
  publisher = {FernUniversit\"at Hagen},
  note = {CCA Workshop, Hagen, August 19--20, 1995}
}

@InProceedings{Pou98,
  author = {Pour-El, Marian Boykan},
  title = {Some Open Problems in Computable Analysis},
  booktitle = {Computability and Complexity in Analysis},
  editor = {Ko, Ker-I and Nerode, Anil and Pour-El, Marian B. and Weihrauch,
  Klaus and Wiedermann, Ji{\v{r}}{\'{\i}}},
  year = {1998},
  month = {August},
  series = {Informatik Berichte},
  volume = {235},
  pages = {61},
  publisher = {FernUniversit\"at Hagen},
  note = {CCA Workshop, Brno, Czech Republik, August, 1998}
}

@Article{Pou99,
  author = {Pour-El, Marian Boykan},
  title = {From axiomatics to intrinsic characterization: some open problems in
  computable analysis},
  journal = {Theoretical Computer Science},
  year = {1999},
  volume = {219},
  pages = {319--329}
}

@InProceedings{Pou99a,
  author = {Pour-El, Marian Boykan},
  title = {The structure of computability in analysis and physical theory: An
  extension of {C}hurch's thesis},
  booktitle = {Handbook of Computability Theory},
  editor = {Griffor, Edward R.},
  year = {1999},
  series = {Studies in Logic and The Foundations of Mathematics},
  volume = {140},
  pages = {449--471},
  publisher = {Elsevier},
  address = {Amsterdam}
}

@Article{RB99,
  author = {Richman, Fred and Bridges, Douglas},
  title = {A constructive proof of {G}leason's theorem},
  journal = {Journal of Functional Analysis},
  year = {1999},
  volume = {162},
  number = {2},
  pages = {287--312}
}

@Article{RBCJM81,
  author = {Richman, Fred and Bridges, Douglas and Calder, Allan and Julian,
  William and Mines, Ray},
  title = {Compactly generated {B}anach spaces},
  journal = {Archiv der Mathematik. Archives of Mathematics. Archives
  Math\'ematiques},
  year = {1981},
  volume = {36},
  number = {3},
  pages = {239--243}
}

@InProceedings{RW96,
  author = {Richter, Marcel K. and Wong, Kam-Chau},
  title = {Computable Economic Analysis},
  booktitle = {Computability and Complexity in Analysis},
  editor = {Ko, Ker-I and M\"uller, Norbert and Weihrauch, Klaus},
  year = {1996},
  pages = {81--90},
  publisher = {Universit\"at Trier},
  note = {Second CCA Workshop, Trier, August 22--23, 1996}
}

@InProceedings{Ric00,
  author = {Richardson, Daniel},
  title = {The Uniformity Conjecture},
  booktitle = {Computability and Complexity in Analysis},
  editor = {Blanck, Jens and Brattka, Vasco and Hertling, Peter and Weihrauch,
  Klaus},
  year = {2000},
  month = {September},
  series = {Informatik Berichte},
  volume = {272},
  pages = {351--368},
  publisher = {FernUniversit\"at Hagen},
  note = {CCA2000 Workshop, Swansea, Wales, September 17--19, 2000}
}

@Article{Ric54,
  author = {Rice, H.},
  title = {Recursive real numbers},
  journal = {Proc.\ Amer.\ Math.\ Soc.},
  year = {1954},
  volume = {5},
  pages = {784--791}
}

@Article{Ric68,
  author = {Richardson, D.B.},
  title = {Some undecidable problems involving elementary functions of a real
  variable},
  journal = {The Journal of Symbolic Logic},
  year = {1968},
  volume = {33},
  pages = {514--520}
}

@Article{Rob51,
  author = {Robinson, R.M.},
  title = {Review of ``{P}eter, {R}., {R}ekursive {F}
ounktionen''},
  journal = {The Journal of Symbolic Logic},
  year = {1951},
  volume = {16},
  pages = {280-282}
}

@Proceedings{Ros85,
  title = {{E}rrett {B}ishop: {R}eflections on him and his research},
  editor = {Rosenblatt, M.},
  year = {1985},
  series = {Contemp. Math.},
  volume = {39},
  publisher = {Amer. Math. Soc.},
  address = {Providence}
}

@TechReport{SS00,
  author = {Spreen, Dieter and Schulz, Holger},
  title = {On the equivalence of some approaches to computability on the real
  line},
  year = {2000},
  number = {00-01},
  type = {Informatik Berichte},
  institution = {Universit\"at Siegen},
  address = {Siegen}
}

@InProceedings{ST95,
  author = {Stoltenberg-Hansen, Viggo and Tucker, John V.},
  title = {Effective Algebras},
  booktitle = {Handbook of Logic in Computer Science, Volume 4},
  editor = {Abramsky, S. and Gabbay, D.M. and Maibaum, T.S.E.},
  year = {1995},
  pages = {357--527},
  publisher = {Clarendon Press},
  address = {Oxford}
}

@Article{ST99,
  author = {Stoltenberg-Hansen, Viggo and Tucker, John V.},
  title = {Concrete models of computation for topological algebras},
  journal = {Theoretical Computer Science},
  year = {1999},
  volume = {219},
  pages = {347--378}
}

@Article{SV00,
  author = {Spitters, Bas and Veldman, Wim},
  title = {A constructive converse of the mean value theorem},
  journal = {Indagationes Mathematicae, New Series},
  year = {2000},
  volume = {11},
  number = {1},
  pages = {151--157}
}

@TechReport{SW81,
  author = {Sch\"afer, Giesela and Weihrauch, Klaus},
  title = {Admissible representations of effective cpo-s},
  year = {1981},
  month = {April},
  number = {16},
  type = {Informatik Berichte},
  institution = {FernUniversit\"at Hagen},
  address = {Hagen}
}

@TechReport{SW92,
  author = {Staiger, Ludwig and Weihrauch, Klaus},
  title = {In the {C}antor space and {B}aire space, {$G_\delta\setminus
  F_\sigma$} is a single {W}adge-degree, an effective proof},
  year = {1992},
  month = {January},
  number = {119},
  type = {Informatik Berichte},
  institution = {FernUniversit\"at Hagen},
  address = {Hagen}
}

@InProceedings{SY84,
  author = {Spreen, Dieter and Young, Paul},
  title = {Effective operators in a topological setting},
  booktitle = {Computation and Proof Theory},
  editor = {Richter, M.M. and B\"orger, E. and Oberschelp, W. and Schinzel, B.
  and Thomas, W.},
  year = {1984},
  series = {Lecture Notes in Mathematics},
  volume = {1104},
  pages = {437--451},
  publisher = {Springer},
  address = {Berlin},
  note = {Proceedings of the Logic Colloquium, Aachen, July 18--23, 1983, Part
  II}
}

@Article{San56,
  author = {{\v{S}}anin, N.A.},
  title = {Some problems of mathematical analysis in the light of constructive
  logic},
  journal = {Zeitschrift f\"ur Mathematische Logik und Grundlagen der
  Mathematik},
  year = {1956},
  volume = {2},
  pages = {27--36}
}

@Book{San68,
  author = {{\v{S}}anin, N.A.},
  title = {Constructive Real Numbers and Constructive Function Spaces},
  year = {1968},
  series = {Translations of Mathematical Monographs},
  volume = {21},
  publisher = {American Mathematical Society},
  address = {Providence}
}

@Article{San73,
  author = {{\v{S}}anin, N.A.},
  title = {A hierarchy of ways of understanding judgments in constructive
  mathematics ({R}ussian)},
  journal = {Trudy Mat. Inst. Steklov.},
  year = {1973},
  series = {Problems in the Constructive Trend in Mathematics, 6},
  volume = {129},
  pages = {203--266}
}

@Article{San74,
  author = {{\v{S}}anin, N.A.},
  title = {The hierarchy of constructive {B}rouwer functionals ({R}ussian)},
  journal = {Zap. Nau\v{c}n. Sem. Otdel. Mat. Inst. Steklov.},
  year = {1974},
  series = {Ivestigations in Constructive Mathematics and Mathematical Logic,
  {VI}},
  volume = {40},
  pages = {142--147},
  note = {dedicated to A.A. Markov on the occasion of his seventieth birthday}
}

@Article{San79,
  author = {{\v{S}}anin, N.A.},
  title = {Canonical recursive functions and operations ({R}ussian)},
  journal = {Zap. Nau\v{c}n. Sem. Otdel. Mat. Inst. Steklov.},
  year = {1979},
  series = {Studies in Constructive Mathematics and Mathematical Logic,
  {VIII}},
  volume = {88},
  pages = {218--235,246--247}
}

@Article{San95,
  author = {{\v{S}}anin, N.A.},
  title = {Georg {C}antor as the author of constructions that play fundamental
  roles in constructive mathematics ({R}ussian)},
  journal = {Zap. Nau\v{c}n. Sem. Otdel. Mat. Inst. Steklov. POMI},
  year = {1995},
  series = {Issled. po Konstrukt. Mat. i Logike. {IX}},
  volume = {220},
  pages = {5--22,246--145}
}

@Article{Sce84,
  author = {{\v{S}}{\v{c}}edrov, A.},
  title = {Differential equations in constructive analysis and in the recursive
  realizability topos},
  journal = {J. Pure Appl. Algebra},
  year = {1984},
  volume = {33},
  pages = {69--80}
}

@Article{Sce86,
  author = {{\v{S}}{\v{c}}edrov, A.},
  title = {Diagonalization of continuous matrices as a representation of
  intuitionistic reals},
  journal = {Annals of Pure and Applied Logic},
  year = {1986},
  volume = {30},
  pages = {201--206}
}

@Article{Sch00a,
  author = {Schuster, Peter},
  title = {A constructive look at generalized {C}auchy reals},
  journal = {Mathematical Logic Quarterly},
  year = {2000},
  volume = {46},
  number = {1},
  pages = {125--134}
}

@InProceedings{Sch00b,
  author = {Schr{\"o}der, Matthias},
  title = {Admissible Representations of Limit Spaces},
  booktitle = {Computability and Complexity in Analysis},
  editor = {Blanck, Jens and Brattka, Vasco and Hertling, Peter and Weihrauch,
  Klaus},
  year = {2000},
  month = {September},
  series = {Informatik Berichte},
  volume = {272},
  pages = {369--388},
  publisher = {FernUniversit\"at Hagen},
  note = {CCA2000 Workshop, Swansea, Wales, September 17--19, 2000}
}

@InProceedings{Sch95,
  author = {Schr\"oder, Matthias},
  title = {Topological spaces allowing type 2 complexity theory},
  booktitle = {Computability and Complexity in Analysis},
  editor = {Ko, Ker-I and Weihrauch, Klaus},
  year = {1995},
  month = {September},
  series = {Informatik Berichte},
  volume = {190},
  pages = {41--53},
  publisher = {FernUniversit\"at Hagen},
  note = {CCA Workshop, Hagen, August 19--20, 1995}
}

@TechReport{Sch95a,
  author = {Schr\"oder, Matthias},
  title = {Welche topologischen {R}\"aume erlauben
  {T}yp2-{K}omplexit\"atstheorie?},
  year = {1995},
  month = {May},
  number = {178},
  type = {Informatik Berichte},
  institution = {FernUniversit\"at Hagen},
  address = {Hagen}
}

@InProceedings{Sch97,
  author = {Schr\"oder, Matthias},
  title = {Fast Online Multiplication of Real Numbers},
  booktitle = {STACS 97},
  editor = {Reischuk, R{\"u}diger and Morvan, Michel},
  year = {1997},
  series = {Lecture Notes in Computer Science},
  volume = {1200},
  pages = {81--92},
  publisher = {Springer},
  address = {Berlin},
  note = {14th Annual Symposium on Theoretical Aspects of Computer Science,
  L{\"u}beck, Germany, February 27--March 1, 1997}
}

@InProceedings{Sch98,
  author = {Schr\"oder, Matthias},
  title = {Effective Metrization of Regular Spaces},
  booktitle = {Computability and Complexity in Analysis},
  editor = {Ko, Ker-I and Nerode, Anil and Pour-El, Marian B. and Weihrauch,
  Klaus and Wiedermann, Ji{\v{r}}{\'{\i}}},
  year = {1998},
  month = {August},
  series = {Informatik Berichte},
  volume = {235},
  pages = {63--80},
  publisher = {FernUniversit\"at Hagen},
  note = {CCA Workshop, Brno, Czech Republik, August, 1998}
}

@InProceedings{Sch98a,
  author = {Schulz, Holger},
  title = {Type 2 Theory of Effectivity and Real {PCF}},
  booktitle = {Computability and Complexity in Analysis},
  editor = {Ko, Ker-I and Nerode, Anil and Pour-El, Marian B. and Weihrauch,
  Klaus and Wiedermann, Ji{\v{r}}{\'{\i}}},
  year = {1998},
  month = {August},
  series = {Informatik Berichte},
  volume = {235},
  pages = {81--90},
  publisher = {FernUniversit\"at Hagen},
  note = {CCA Workshop, Brno, Czech Republik, August, 1998}
}

@Article{Sch99,
  author = {Schr{\"o}der, Matthias},
  title = {Online computations of differentiable functions},
  journal = {Theoretical Computer Science},
  year = {1999},
  volume = {219},
  pages = {331--345}
}

@Article{She76,
  author = {Shepherdson, J.C.},
  title = {On the definition of computable functions of a real variable},
  journal = {Zeitschrift f\"ur Mathematische Logik und Grundlagen der
  Mathematik},
  year = {1976},
  volume = {22},
  pages = {391--402}
}

@Article{Ska83,
  author = {Skandalis, Kostas},
  title = {Programmability in the set of real numbers and second-order
  recursion},
  journal = {Fundamenta Informaticae},
  year = {1983},
  volume = {6},
  number = {3--4},
  pages = {257--274}
}

@Article{Ska84,
  author = {Skandalis, Kostas},
  title = {Programmable real numbers and functions},
  journal = {Fundamenta Informaticae},
  year = {1984},
  volume = {7},
  number = {1},
  pages = {27--56}
}

@Article{Ska90,
  author = {Skandalis, Kostas},
  title = {Non-Recursiveness of the Operations on Real Numbers},
  journal = {Theoretical Computer Science},
  year = {1990},
  volume = {71},
  pages = {425--429}
}

@InProceedings{Ska95,
  author = {Skandalis, Kostas},
  title = {Program computability over the real numbers},
  booktitle = {Computability and Complexity in Analysis},
  editor = {Ko, Ker-I and Weihrauch, Klaus},
  year = {1995},
  month = {September},
  series = {Informatik Berichte},
  volume = {190},
  pages = {55--63},
  publisher = {FernUniversit\"at Hagen},
  note = {CCA Workshop, Hagen, August 19--20, 1995}
}

@InProceedings{Sko00,
  author = {Skordev, Dimiter},
  title = {A Characterization of the Computable Real Numbers by Means of
  Primitive Recursive Functions},
  booktitle = {Computability and Complexity in Analysis},
  editor = {Blanck, Jens and Brattka, Vasco and Hertling, Peter and Weihrauch,
  Klaus},
  year = {2000},
  month = {September},
  series = {Informatik Berichte},
  volume = {272},
  pages = {389--394},
  publisher = {FernUniversit\"at Hagen},
  note = {CCA2000 Workshop, Swansea, Wales, September 17--19, 2000}
}

@Article{Soa69,
  author = {Soare, R.I.},
  title = {Recursion theory and {D}edekind cuts},
  journal = {Trans.\ Amer.\ Math.\ Soc.},
  year = {1969},
  volume = {140},
  pages = {271--294}
}

@Article{Soa69a,
  author = {Soare, R.I.},
  title = {Cohesive sets and recursively enumerable {D}edekind cuts},
  journal = {Pacific J.\ Math.},
  year = {1969},
  volume = {31},
  pages = {215--231}
}

@Article{Spe49,
  author = {Specker, Ernst},
  title = {Nicht konstruktiv beweisbare {S}\"atze der {A}nalysis},
  journal = {The Journal of Symbolic Logic},
  year = {1949},
  volume = {14},
  number = {3},
  pages = {145--158}
}

@InProceedings{Spe59,
  author = {Specker, Ernst},
  title = {Der {S}atz vom {M}aximum in der rekursiven {A}nalysis},
  booktitle = {Constructivity in mathematics},
  editor = {Heyting, A.},
  year = {1959},
  series = {Studies in Logic and The Foundations of Mathematics},
  pages = {254--265},
  publisher = {North-Holland},
  address = {Amsterdam},
  note = {Proc. Colloq., Amsterdam, Aug. 26--31, 1957}
}

@InProceedings{Spe69,
  author = {Specker, Ernst},
  title = {The fundamental theorem of algebra in recursive analysis},
  booktitle = {Constructive Aspects of the Fundamental Theorem of Algebra},
  editor = {Dejon, B.\ and Henrici, P.},
  year = {1969},
  pages = {321--329},
  publisher = {Wiley-Interscience},
  address = {London}
}

@InProceedings{Spr88,
  author = {Spreen, Dieter},
  title = {Computable one-to-one enumerations of effective domains},
  booktitle = {Mathematical foundations of programming language semantics},
  editor = {Main, M. and Melton, A. and Mislove, M. and Schmidt, D.},
  year = {1988},
  series = {Lecture Notes in Computer Science},
  volume = {298},
  pages = {372--384},
  publisher = {Springer},
  address = {Berlin}
}

@InProceedings{Spr90,
  author = {Spreen, Dieter},
  title = {A characterization of effective topological spaces},
  booktitle = {Recursion theory week},
  editor = {Ambos-Spies, K. and M{\"u}ller, G. H. and Sacks, G. E.},
  year = {1990},
  series = {Lecture Notes in Mathematics},
  volume = {1432},
  pages = {363--387},
  publisher = {Springer},
  address = {Berlin},
  note = {Proceedings of the conference held at the Mathematisches
  Forschungsinstitut, Oberwolfach, March 19--25, 1989}
}

@Article{Spr90a,
  author = {Spreen, Dieter},
  title = {Computable one-to-one enumerations of effective domains},
  journal = {Information and Computation},
  year = {1990},
  volume = {84},
  pages = {26--46}
}

@InProceedings{Spr91,
  author = {Spreen, Dieter},
  title = {A characterization of effective topological spaces {II}},
  booktitle = {Topology and category theory in computer science},
  year = {1991},
  pages = {231--255},
  publisher = {Oxford Univ. Press},
  address = {New York},
  note = {Oxford, 1989}
}

@InProceedings{Spr92,
  author = {Spreen, Dieter},
  title = {Effective operators and continuity revisited},
  booktitle = {Logical foundations of computer science},
  editor = {Nerode, A. and Ta{\u\i}tslin, M.},
  year = {1992},
  series = {Lecture Notes in Computer Science},
  volume = {620},
  pages = {459--469},
  publisher = {Springer},
  address = {Berlin}
}

@Article{Spr95,
  author = {Spreen, Dieter},
  title = {On Some Decision Problems in Programming},
  journal = {Information and Computation},
  year = {1995},
  volume = {122},
  number = {1},
  pages = {120--139},
  note = {(Corrigendum: Inform. and Comp. 148, 241--244, 1999)}
}

@Article{Spr96,
  author = {Spreen, Dieter},
  title = {Effective inseparability in a topological setting},
  journal = {Annals of Pure and Applied Logic},
  year = {1996},
  volume = {80},
  pages = {257--275}
}

@Article{Spr98,
  author = {Spreen, Dieter},
  title = {On Effective Topological Spaces},
  journal = {The Journal of Symbolic Logic},
  year = {1998},
  volume = {63},
  number = {1},
  pages = {185--221}
}

@TechReport{Spr99,
  author = {Spreen, Dieter},
  title = {Representations versus Numberings: On the Relationship of Two
  Computability Notions},
  year = {1999},
  number = {99-02},
  type = {Informatik Berichte},
  institution = {Universit\"at Siegen},
  address = {Siegen}
}

@InProceedings{Sta99,
  author = {Staiger, Ludwig},
  title = {The {K}olmogorov Complexity of Real Numbers},
  booktitle = {Fundamentals of Computation Theory},
  editor = {Ciobanu, G. and Paun, Gh.},
  year = {1999},
  series = {Lecture Notes in Computer Science},
  volume = {1684},
  pages = {536--546},
  publisher = {Springer},
  address = {Berlin}
}

@PhdThesis{Ste99,
  author = {Stewart, Kristian Jon},
  title = {Concrete and Abstract Models of Computation over Metric Algebras},
  year = {1999},
  school = {University of Wales Swansea},
  address = {Singleton Park, Swansea, SA2 8PP, UK}
}

@PhdThesis{Sun94,
  author = {S{\"u}nderhauf, Philipp},
  title = {Discrete Approximation of Spaces, A Uniform Approach to
  Topologically Structured Datatypes and their Function Spaces},
  year = {1994},
  school = {Fachbereich Mathematik, Technische Hochschule Darmstadt},
  address = {Darmstadt, Germany}
}

@Article{Sun95,
  author = {S{\"u}nderhauf, Philipp},
  title = {A faithful computational model of the real numbers},
  journal = {Theoretical Computer Science},
  year = {1995},
  volume = {151},
  pages = {277--294}
}

@Book{TD88,
  author = {Troelstra, A.S. and Dalen, D. van},
  title = {Constructivism in Mathematics, Volume 1},
  year = {1988},
  series = {Studies in Logic and the Foundations of Mathematics},
  volume = {121},
  publisher = {North-Holland},
  address = {Amsterdam}
}

@Book{TD88a,
  author = {Troelstra, A.S. and Dalen, D. van},
  title = {Constructivism in Mathematics, Volume 2},
  year = {1988},
  series = {Studies in Logic and the Foundations of Mathematics},
  volume = {123},
  publisher = {North-Holland},
  address = {Amsterdam}
}

@InProceedings{TYM00,
  author = {Tsujii, Yoshiki and Yasugi, Mariko and Mori, Takakazu},
  title = {Some Properties of the Effectively Uniform Topological Space},
  booktitle = {Computability and Complexity in Analysis},
  editor = {Blanck, Jens and Brattka, Vasco and Hertling, Peter and Weihrauch,
  Klaus},
  year = {2000},
  month = {September},
  series = {Informatik Berichte},
  volume = {272},
  pages = {421--440},
  publisher = {FernUniversit\"at Hagen},
  note = {CCA2000 Workshop, Swansea, Wales, September 17--19, 2000}
}

@InProceedings{TZ92,
  author = {Tucker, J.V. and Zucker, J.I.},
  title = {Examples of semicomputable sets of real and complex numbers},
  booktitle = {Constructivity in computer science},
  editor = {Myers, J.P. and O'Donnell, M.J.},
  year = {1992},
  pages = {179--198},
  publisher = {Springer},
  address = {Berlin},
  note = {Summer Symposium San Antonio, TX, June 19--22, 1991}
}

@InProceedings{TZ98,
  author = {Tucker, J.V. and Zucker, J.I.},
  title = {Computable Functions and Semicomputable Sets on Many-Sorted
  Algebras},
  booktitle = {Handbook of Logic in Computer Science, Volume 5},
  editor = {Abramsky, S. and Gabbay, D.M. and Maibaum, T.S.E.},
  publisher = {Clarendon Press},
  address = {Oxford}
}

@Article{TZ99,
  author = {Tucker, J.V. and Zucker, J.I.},
  title = {Computation by `{W}hile' Programs on Topological Partial Algebras},
  journal = {Theoretical Computer Science},
  year = {1999},
  volume = {219},
  pages = {379--420}
}

@InProceedings{Tak00,
  author = {Takeuti, Izumi},
  title = {Effective Fixed Point Theorem Over a Non-Separable Space},
  booktitle = {Computability and Complexity in Analysis},
  editor = {Blanck, Jens and Brattka, Vasco and Hertling, Peter and Weihrauch,
  Klaus},
  year = {2000},
  month = {September},
  series = {Informatik Berichte},
  volume = {272},
  pages = {395--405},
  publisher = {FernUniversit\"at Hagen},
  note = {CCA2000 Workshop, Swansea, Wales, September 17--19, 2000}
}

@Book{Tod63,
  author = {Todd, J.},
  title = {Introduction to the Constructive Theory of Functions},
  year = {1963},
  publisher = {Academic Press},
  address = {New York}
}

@Article{Tro67,
  author = {Troelstra, A.S.},
  title = {Intuitionistic continuity},
  journal = {Nieuw Arch. Wisk.},
  year = {1967},
  volume = {15},
  pages = {2--6}
}

@Book{Tro73,
  title = {Metamathematical {I}nvestigation of {I}ntuitionistic {A}rithmetic
  and {A}nalysis},
  editor = {Troelstra, A.S. (ed.)},
  year = {1973},
  series = {Lecture Notes in Mathematics},
  volume = {344},
  publisher = {Springer},
  address = {Berlin}
}

@InProceedings{Tro73a,
  author = {Troelstra, A.S.},
  title = {Models and computability},
  booktitle = {Metamathematical Investigation of Intuitionistic Arithmetic and
  Analysis},
  editor = {Troelstra, A.S.},
  year = {1973},
  series = {Lecture Notes in Mathematics},
  volume = {344},
  pages = {97--174}
}

@Article{Tro77,
  author = {Troelstra, A.S.},
  title = {A note on non-extensional operations in connection with continuity
  and recursivness},
  journal = {Nederl. Akad. Wetensch. Proc. Ser. A},
  year = {1977},
  volume = {39},
  pages = {455--462}
}

@Article{Tro80,
  author = {Troelstra, A.S.},
  title = {Intuitionistic extensions of the reals},
  journal = {Nieuw Arch. Wisk.},
  year = {1980},
  volume = {28},
  pages = {63--113}
}

@InProceedings{Tro80a,
  author = {Troelstra, A.S.},
  title = {Intuitionistic extensions of the reals, {II}},
  booktitle = {Logic Colloq. '80},
  year = {1980},
  series = {Studies in Logic and The Foundations of Mathematics},
  volume = {108},
  publisher = {North-Holland},
  address = {Amsterdam},
  note = {Prague, 1980}
}

@InProceedings{Tro92,
  author = {Troelstra, A.S.},
  title = {Comparing the theory of representations and constructive
  mathematics},
  booktitle = {Computer Science Logic},
  editor = {B\"orger, E. and J\"ager, G. and Kleine B\"uning, H. and Richter,
  M.M.},
  year = {1992},
  series = {Lecture Notes in Computer Science},
  volume = {626},
  pages = {382--395},
  publisher = {Springer},
  address = {Berlin},
  note = {Proceedings of the 5th Workshop, CSL'91, Berne Switzerland, October
  1991}
}

@InProceedings{Tro93,
  author = {Troelstra, A.S.},
  title = {An intuitionistic look at the real numbers ({Dutch})},
  booktitle = {Summer course 1993: the real numbers, {CWI} {S}yllabi},
  year = {1993},
  volume = {35},
  pages = {67--81},
  note = {Math. Centrum, 1993}
}

@InProceedings{Tsu00,
  author = {Tsuiki, Hideki},
  title = {Computational Dimension of Topological Spaces Based on Embeddings to
  $n\bot$-Sequence Spaces},
  booktitle = {Computability and Complexity in Analysis},
  editor = {Blanck, Jens and Brattka, Vasco and Hertling, Peter and Weihrauch,
  Klaus},
  year = {2000},
  month = {September},
  series = {Informatik Berichte},
  volume = {272},
  pages = {407--419},
  publisher = {FernUniversit\"at Hagen},
  note = {CCA2000 Workshop, Swansea, Wales, September 17--19, 2000}
}

@InProceedings{Tsu98,
  author = {Tsuiki, Hideki},
  title = {Grey Code Representation of Exact Real Numbers},
  booktitle = {Computability and Complexity in Analysis},
  editor = {Ko, Ker-I and Nerode, Anil and Pour-El, Marian B. and Weihrauch,
  Klaus and Wiedermann, Ji{\v{r}}{\'{\i}}},
  year = {1998},
  month = {August},
  series = {Informatik Berichte},
  volume = {235},
  pages = {91--102},
  publisher = {FernUniversit\"at Hagen},
  note = {CCA Workshop, Brno, Czech Republik, August, 1998}
}

@Article{Tur36,
  author = {Turing, Alan M.},
  title = {On computable numbers, with an application to the
  ``{E}ntscheidungsproblem''},
  journal = {Proceedings of the London Mathematical Society},
  year = {1936},
  volume = {42},
  number = {2},
  pages = {230--265}
}

@Article{Tur37,
  author = {Turing, Alan M.},
  title = {On computable numbers, with an application to the
  ``{E}ntscheidungsproblem''. {A} correction.},
  journal = {Proceedings of the London Mathematical Society},
  year = {1937},
  volume = {43},
  number = {2},
  pages = {544--546}
}

@PhdThesis{Vel81,
  author = {Veldman, W.},
  title = {Investigations in {I}ntuitionistic {H}ierarchy {T}heory},
  year = {1981},
  type = {Ph.D. Thesis},
  school = {Katholieke Universiteit, Nijmegen},
  address = {Nijmegen, The Netherlands}
}

@TechReport{WD80,
  author = {Weihrauch, Klaus and Deil, Thomas},
  title = {Berechenbarkeit auf cpo-s},
  year = {1980},
  number = {63},
  type = {Schriften zur Informatik und angewandten Mathematik},
  institution = {Technische Hochschule Aachen},
  address = {Aachen},
  note = {Eine Vorlesung von Klaus Weihrauch ausgearbeitet von Thomas Deil}
}

@Article{WK87,
  author = {Weihrauch, Klaus and Kreitz, Christoph},
  title = {Representations of the real numbers and of the open subsets of the
  set of real numbers},
  journal = {Annals of Pure and Applied Logic},
  year = {1987},
  volume = {35},
  pages = {247--260}
}

@Article{WK91,
  author = {Weihrauch, Klaus and Kreitz, Christoph},
  title = {Type 2 computational complexity of functions on {C}antor's space},
  journal = {Theoretical Computer Science},
  year = {1991},
  volume = {82},
  pages = {1--18},
  note = {Fundamental Study}
}

@InProceedings{WS79,
  author = {Weihrauch, Klaus and Schreiber, Ulrich},
  title = {Metric spaces defined by weighted algebraic cpo-s},
  booktitle = {Fundamentals of Computation Theory, FCT'79},
  editor = {Budach, Lothar},
  year = {1979},
  pages = {516--522},
  publisher = {Akademie-Verlag},
  address = {Berlin},
  note = {Proceedings of the Conference on Algebraic, Arithmetic, and
  Categorial Methods in Computation Theory, Berlin, September 17--21, 1979}
}

@TechReport{WS80,
  author = {Weihrauch, Klaus and Schreiber, Ulrich},
  title = {Embedding metric spaces into cpo-s},
  year = {1980},
  month = {April},
  number = {2},
  type = {Informatik Berichte},
  institution = {FernUniversit\"at Hagen},
  address = {Hagen}
}

@Article{WS81,
  author = {Weihrauch, Klaus and Schreiber, Ulrich},
  title = {Embedding metric spaces into cpo's},
  journal = {Theoretical Computer Science},
  year = {1981},
  volume = {16},
  pages = {5--24}
}

@InProceedings{WS81a,
  author = {Weihrauch, Klaus and Sch\"afer, Giesela},
  title = {Admissible representations of effective cpo's},
  booktitle = {Mathematical Foundations of Computer Science 1981},
  editor = {Gruska, J. and Chytil, M.},
  year = {1981},
  series = {Lecture Notes in Computer Science},
  volume = {118},
  publisher = {Springer},
  note = {Proceedings, 10th Sympsoium \v{S}trbsk\'{e} Pleso, Czechoslovakia,
  August 31--September 4, 1981}
}

@Article{WS83,
  author = {Weihrauch, Klaus and Sch{\"a}fer, G.},
  title = {Admissible representations of effective cpo's},
  journal = {Theoretical Computer Science},
  year = {1983},
  volume = {26},
  pages = {131--147}
}

@Article{WY96,
  author = {Washihara, Masako and Yasugi, Mariko},
  title = {Computability and metrics in a {F}r\'{e}chet space},
  journal = {Mathematica Japonica},
  year = {1996},
  volume = {43},
  number = {3},
  pages = {431--443}
}

@Article{WZ00,
  author = {Weihrauch, Klaus and Zheng, Xizhong},
  title = {Computability on continuous, lower semi-continuous and upper
  semi-continuous real functions},
  journal = {Theoretical Computer Science},
  year = {2000},
  volume = {234},
  pages = {109--133}
}

@InProceedings{WZ97,
  author = {Weihrauch, Klaus and Zheng, Xizhong},
  title = {Computability on Continuous, Lower Semi-Continuous and Upper
  Semi-Continuous Real Functions},
  booktitle = {Computing and Combinatorics},
  editor = {Jiang, Tao and Lee, D.T.},
  year = {1997},
  series = {Lecture Notes in Computer Science},
  volume = {1276},
  pages = {166--175},
  publisher = {Springer},
  address = {Berlin},
  note = {Third Annual Conference, COCOON'97, Shanghai, China, August 1997}
}

@InProceedings{WZ98,
  author = {Weihrauch, Klaus and Zheng, Xizhong},
  title = {A Finite Hierarchy of the Recursively Enumerable Real Numbers},
  booktitle = {Mathematical Foundations of Computer Science 1998},
  editor = {Brim, Lubo{\v{s}} and Gruska, Jozef and Zlatu{\v{s}}ka,
  Ji{\v{r}}{\'{\i}}},
  year = {1998},
  series = {Lecture Notes in Computer Science},
  volume = {1450},
  pages = {798--806},
  publisher = {Springer},
  address = {Berlin},
  note = {23rd International Symposium, MFCS'98, Brno, Czech Republic, August,
  1998}
}

@Article{WZ99,
  author = {Weihrauch, Klaus and Zheng, Xizhong},
  title = {Effectiveness of the global modulus of continuity on metric spaces},
  journal = {Theoretical Computer Science},
  year = {1999},
  volume = {219},
  pages = {439--450}
}

@InProceedings{WZ99a,
  author = {Weihrauch, Klaus and Zhong, Ning},
  title = {The Wave Propagator is {T}uring Computable},
  booktitle = {Automata, Languages and Programming},
  editor = {Wiedermann, Ji{\v{r}}{\'{\i}} and van Emde Boas, Peter and Nielsen,
  Mogens},
  year = {1999},
  series = {Lecture Notes in Computer Science},
  volume = {1644},
  pages = {697--706},
  publisher = {Springer},
  address = {Berlin},
  note = {26th International Colloquium, ICALP'99, Prague, Czech Republic,
  July, 1999}
}

@InProceedings{Wan82,
  author = {Wang, Hao},
  title = {Specker's mathematical work from 1949 to 1979},
  journal = {Monograph. Enseign. Math.},
  booktitle = {Logic and Algorithmic ({Z}\"urich, 1980)},
  year = {1982},
  volume = {30},
  pages = {11--24},
  publisher = {Univ. Geneva}
}

@Article{Was95,
  author = {Washihara, Masako},
  title = {Computability and {F}r\'{e}chet spaces},
  journal = {Mathematica Japonica},
  year = {1995},
  volume = {42},
  number = {1},
  pages = {1--13}
}

@Article{Was99,
  author = {Washihara, Masako},
  title = {Computability and tempered distributions},
  journal = {Mathematica Japonica},
  year = {1999},
  volume = {50},
  number = {1},
  pages = {1--7}
}

@Book{Wei00,
  author = {Weihrauch, Klaus},
  title = {Computable Analysis},
  year = {2000},
  publisher = {Springer},
  address = {Berlin}
}

@InProceedings{Wei00a,
  author = {Weihrauch, Klaus},
  title = {On Computable Metric Spaces {T}ietze-{U}rysohn Extension is
  Computable},
  booktitle = {Computability and Complexity in Analysis},
  editor = {Blanck, Jens and Brattka, Vasco and Hertling, Peter and Weihrauch,
  Klaus},
  year = {2000},
  month = {September},
  series = {Informatik Berichte},
  volume = {272},
  pages = {441--452},
  publisher = {FernUniversit\"at Hagen},
  note = {CCA2000 Workshop, Swansea, Wales, September 17--19, 2000}
}

@InProceedings{Wei77b,
  author = {Weihrauch, Klaus},
  title = {A generalized computability thesis},
  booktitle = {Fundamentals of Computation Theory},
  editor = {Karpinski, Marek},
  year = {1977},
  series = {Lecture Notes in Computer Science},
  volume = {56},
  pages = {538--542},
  publisher = {Springer},
  note = {Proceedings of the 1977 International FCT-Conference, Poznan-Kornik,
  Poland, September 19--23, 1977}
}

@InProceedings{Wei81,
  author = {Weihrauch, Klaus},
  title = {Recursion and complexity theory on cpo-s},
  booktitle = {Theoretical Computer Science},
  editor = {Deussen, Peter},
  year = {1981},
  series = {Lecture Notes in Computer Science},
  volume = {104},
  publisher = {Springer},
  note = {5th GI-Conference, Karlsruhe, March 23--25, 1981}
}

@TechReport{Wei81b,
  author = {Weihrauch, Klaus},
  title = {Computability on metric spaces},
  year = {1981},
  month = {September},
  number = {21},
  type = {Informatik Berichte},
  institution = {FernUniversit\"at Hagen},
  address = {Hagen}
}

@TechReport{Wei82,
  author = {Weihrauch, Klaus},
  title = {On natural numberings and representations},
  year = {1982},
  month = {December},
  number = {29},
  type = {Informatik Berichte},
  institution = {FernUniversit\"at Hagen},
  address = {Hagen}
}

@Article{Wei85,
  author = {Weihrauch, Klaus},
  title = {Type 2 recursion theory},
  journal = {Theoretical Computer Science},
  year = {1985},
  volume = {38},
  pages = {17--33}
}

@Book{Wei87,
  author = {Weihrauch, Klaus},
  title = {Computability},
  year = {1987},
  series = {EATCS Monographs on Theoretical Computer Science},
  volume = {9},
  publisher = {Springer},
  address = {Berlin}
}

@Article{Wei91,
  author = {Weihrauch, Klaus},
  title = {On the complexity of online computations of real functions},
  journal = {Journal of Complexity},
  year = {1991},
  volume = {7},
  pages = {380--394}
}

@TechReport{Wei91a,
  author = {Weihrauch, Klaus},
  title = {The lowest {W}adge-degrees of subsets of the {C}antor space},
  year = {1991},
  month = {April},
  number = {107},
  type = {Informatik Berichte},
  institution = {FernUniversit\"at Hagen},
  address = {Hagen}
}

@TechReport{Wei92a,
  author = {Weihrauch, Klaus},
  title = {The degrees of discontinuity of some translators between
  representations of the real numbers},
  year = {1992},
  month = {July},
  number = {TR-92-050},
  type = {Technical Report},
  institution = {International Computer Science Institute},
  address = {Berkeley}
}

@TechReport{Wei92b,
  author = {Weihrauch, Klaus},
  title = {The degrees of discontinuity of some translators between
  representations of the real numbers},
  year = {1992},
  month = {July},
  number = {129},
  type = {Informatik Berichte},
  institution = {FernUniversit\"at Hagen},
  address = {Hagen}
}

@TechReport{Wei92c,
  author = {Weihrauch, Klaus},
  title = {The {TTE}-interpretation of three hierarchies of omniscience
  principles},
  year = {1992},
  month = {September},
  number = {130},
  type = {Informatik Berichte},
  institution = {FernUniversit\"at Hagen},
  address = {Hagen}
}

@Article{Wei93,
  author = {Weihrauch, Klaus},
  title = {Computability on computable metric spaces},
  journal = {Theoretical Computer Science},
  year = {1993},
  volume = {113},
  pages = {191--210},
  note = {Fundamental Study}
}

@TechReport{Wei95,
  author = {Weihrauch, Klaus},
  title = {A Simple Introduction to Computable Analysis},
  edition = {2},
  year = {1995},
  month = {July},
  number = {171},
  type = {Informatik Berichte},
  institution = {FernUniversit\"at Hagen},
  address = {Hagen},
  note = {2nd edition}
}

@InProceedings{Wei97,
  author = {Weihrauch, Klaus},
  title = {A Foundation for Computable Analysis},
  booktitle = {Combinatorics, Complexity, and Logic},
  editor = {Bridges, Douglas S. and Calude, Cristian S. and Gibbons, Jeremy and
  Reeves, Steve and Witten, Ian H.},
  year = {1997},
  series = {Discrete Mathematics and Theoretical Computer Science},
  pages = {66--89},
  publisher = {Springer},
  address = {Singapore},
  note = {Proceedings of DMTCS'96}
}

@TechReport{Wei97e,
  author = {Weihrauch, Klaus},
  title = {Random Real Numbers},
  year = {1997},
  month = {June},
  number = {219},
  type = {Informatik Berichte},
  institution = {FernUniversit\"at Hagen},
  address = {Hagen}
}

@Article{Wei98,
  author = {Weihrauch, Klaus},
  title = {A Refined Model of Computation for Continuous Problems},
  journal = {Journal of Complexity},
  year = {1998},
  volume = {14},
  pages = {102--121}
}

@Article{Wei99a,
  author = {Weihrauch, Klaus},
  title = {Computability on the probability measures on the {B}orel sets of the
  unit interval},
  journal = {Theoretical Computer Science},
  year = {1999},
  volume = {219},
  pages = {421--437}
}

@Article{Wie80,
  author = {Wiedmer, E.},
  title = {Computing with infinite objects},
  journal = {Theoretical Computer Science},
  year = {1980},
  volume = {10},
  pages = {133--155}
}

@Article{Won96,
  author = {Wong, Kam-Chau},
  title = {Computability of Minimizers and Separating Hyperplanes},
  journal = {Mathematical Logic Quarterly},
  year = {1996},
  volume = {42},
  pages = {564--568}
}

@Article{Woz99,
  author = {Wo{\'{z}}niakowski, Henryk},
  title = {Why does information-based complexity use the real number model?},
  journal = {Theoretical Computer Science},
  year = {1999},
  volume = {219},
  pages = {451--465}
}

@Article{YMT99,
  author = {Yasugi, Mariko and Mori, Takakazu and Tsujii, Yoshiki},
  title = {Effective properties of sets and functions in metric spaces with
  computability structure},
  journal = {Theoretical Computer Science},
  year = {1999},
  volume = {219},
  pages = {467--486}
}

@Unpublished{Yam95,
  author = {Yamaguchi, Takeshi},
  title = {On Index Sets of Recursive Reals},
  year = {1995},
  note = {Draft}
}

@Article{Yas96,
  author = {Yasugi, Mariko},
  title = {Computability in analysis},
  journal = {Surikaisekikenkyusho-Kokyuroku},
  year = {1993},
  volume = {850},
  pages = {207--214},
  note = {Workshop on Stochastic Numerics, Kyoto}
}

@InProceedings{Yas98,
  author = {Yasugi, Mariko},
  title = {Computability problem of {G}aussian function},
  booktitle = {Computability and Complexity in Analysis},
  editor = {Ko, Ker-I and Nerode, Anil and Pour-El, Marian B. and Weihrauch,
  Klaus and Wiedermann, Ji{\v{r}}{\'{\i}}},
  year = {1998},
  month = {August},
  series = {Informatik Berichte},
  volume = {235},
  pages = {157--165},
  publisher = {FernUniversit\"at Hagen},
  note = {CCA Workshop, Brno, Czech Republik, August, 1998}
}

@InProceedings{ZB00a,
  author = {Ziegler, Martin and Brattka, Vasco},
  title = {A Computable Spectral Theorem},
  booktitle = {Computability and Complexity in Analysis},
  editor = {Blanck, Jens and Brattka, Vasco and Hertling, Peter and Weihrauch,
  Klaus},
  year = {2000},
  month = {September},
  series = {Informatik Berichte},
  volume = {272},
  pages = {469--479},
  publisher = {FernUniversit\"at Hagen},
  note = {CCA2000 Workshop, Swansea, Wales, September 17--19, 2000}
}

@Article{ZBW99,
  author = {Zheng, Xizhong and Brattka, Vasco and Weihrauch, Klaus},
  title = {Approaches to Effective Semi-Continuity of Real Functions},
  journal = {Mathematical Logic Quarterly},
  year = {1999},
  volume = {45},
  number = {4},
  pages = {481--496}
}

@InProceedings{ZW99,
  author = {Zheng, Xizhong and Weihrauch, Klaus},
  title = {The Arithmetical Hierarchy of Real Numbers},
  booktitle = {Mathematical Foundations of Computer Science 1999},
  editor = {Kuty{\l}owski, Miros{\l}aw and Pacholski, Leszek and Wierzbicki,
  Tomasz},
  year = {1999},
  series = {Lecture Notes in Computer Science},
  volume = {1672},
  pages = {23--33},
  publisher = {Springer},
  address = {Berlin},
  note = {24th International Symposium, MFCS'99, Szklarska Por\c{e}ba, Poland,
  September, 1999}
}

@Unpublished{ZZ96,
  author = {Zhong, Ning and Zhang, Bing-Yu},
  title = {Computable Analysis of the {K}orteweg-de {V}ries Equation},
  year = {1996},
  note = {preprint}
}

@Article{ZZ99,
  author = {Zhong, Ning and Zhang, Bing-Yu},
  title = {{$L^p$}-Computability},
  journal = {Mathematical Logic Quarterly},
  year = {1999},
  volume = {45},
  number = {4},
  pages = {449--456}
}

@Article{Zas55,
  author = {Zaslavskij, I.D.},
  title = {Disproof of some theorems of classical analysis in constructive
  analysis},
  journal = {Usp.\ Mat.\ Nauk},
  year = {1955},
  volume = {10},
  number = {4},
  pages = {209--210},
  note = {(in Russian)}
}

@Article{Zas62,
  author = {Zaslavskij, I.D.},
  title = {Some properties of constructive real numbers and constructive
  functions},
  journal = {Tr.\ Mat.\ Inst.\ Steklov},
  year = {1962},
  volume = {67},
  number = {4},
  pages = {385--457},
  note = {(in Russian, english translation in: Amer.\ Math.\ Soc.\ Translations
  2 57,1--84(1966)}
}

@Article{Zas64,
  author = {Zaslavskij, I.D.},
  title = {On the differentiation and integration of constructive functions},
  journal = {Doklady Akad. Nauk},
  year = {1964},
  volume = {156},
  pages = {25--27},
  note = {(Russian)}
}

@Article{Zas67,
  author = {Zaslavskij, I.D.},
  title = {Rectifiability of constructive plane curves},
  journal = {Izv. Akad. Nauk Armjan. SSR Ser. Mat.},
  year = {1967},
  volume = {2},
  pages = {69--82},
  note = {(Russian)}
}

@TechReport{Zhe98,
  author = {Zheng, Xizhong},
  title = {Weak Computability and Semi-Computability in Analysis},
  year = {1998},
  month = {December},
  number = {246},
  type = {Informatik Berichte},
  institution = {FernUniversit\"at Hagen},
  address = {Hagen},
  note = {Dissertation}
}

@InProceedings{Zhe99,
  author = {Zheng, Xizhong},
  title = {Binary Enumerability of Real Numbers},
  booktitle = {Computing and Combinatorics},
  editor = {Asana, Takao and Imai, Hiroshi and Lee, D.T. and Nakano, Shin-ichi
  and Tokuyama, Takeshi},
  year = {1999},
  series = {Lecture Notes in Computer Science},
  volume = {1627},
  pages = {300--309},
  publisher = {Springer},
  address = {Berlin},
  note = {5th Annual Conference, COCOON'99, Tokyo, Japan, July 1999}
}

@Article{Zho00,
  author = {Zhou, Qing},
  title = {Grzegorczyk's hierarchy of computable analysis},
  journal = {Theoretical Computer Science},
  year = {2000},
  volume = {243},
  pages = {449--466}
}

@InProceedings{Zho00a,
  author = {Zhong, Ning},
  title = {Turing Computability of the {S}chr\"odinger Propagator},
  booktitle = {Computability and Complexity in Analysis},
  editor = {Blanck, Jens and Brattka, Vasco and Hertling, Peter and Weihrauch,
  Klaus},
  year = {2000},
  month = {September},
  series = {Informatik Berichte},
  volume = {272},
  pages = {453--467},
  publisher = {FernUniversit\"at Hagen},
  note = {CCA2000 Workshop, Swansea, Wales, September 17--19, 2000}
}

@PhdThesis{Zho92,
  author = {Zhou, Qing},
  title = {Computability on open and closed subsets of {E}uclidean space},
  year = {1992},
  type = {Thesis},
  school = {University of Minnesota},
  address = {Minneapolis}
}

@Article{Zho96,
  author = {Zhou, Qing},
  title = {Computable real-valued functions on recursive open and closed
  subsets of {E}uclidean space},
  journal = {Mathematical Logic Quarterly},
  year = {1996},
  volume = {42},
  pages = {379--409}
}

@Article{Zho96a,
  author = {Zhong, Ning},
  title = {Effective Separation Axioms},
  journal = {Questions and Answers in General Topology},
  year = {1996},
  volume = {14},
  number = {2},
  pages = {177--185}
}

@InProceedings{Zho97,
  author = {Zhou, Qing},
  title = {Subclasses of Computable Real Valued Functions},
  booktitle = {Computing and Combinatorics},
  editor = {Jiang, Tao and Lee, D.T.},
  year = {1997},
  series = {Lecture Notes in Computer Science},
  volume = {1276},
  pages = {156--165},
  publisher = {Springer},
  address = {Berlin},
  note = {Third Annual Conference, COCOON'97, Shanghai, China, August 1997}
}

@Article{Zho98,
  author = {Zhong, Ning},
  title = {Recursively Enumerable Subsets of ${R}^q$ In Two Computing Models:
  {B}lum-{S}hub-{S}male Machine and {T}uring Machine},
  journal = {Theoretical Computer Science},
  year = {1998},
  volume = {197},
  pages = {79--94}
}

@Article{Zho98a,
  author = {Zhong, Ning},
  title = {Derivatives of computable functions},
  journal = {Mathematical Logic Quarterly},
  year = {1998},
  volume = {44},
  pages = {304--316}
}

@Article{Zho99,
  author = {Zhong, Ning},
  title = {Computability structure of the {S}obolev spaces and its
  applications},
  journal = {Theoretical Computer Science},
  year = {1999},
  volume = {219},
  pages = {487--510}
}

