@Article{church36:_some_proper_of_conver,
  author =       {Alonzo Church and J. B. Rosser},
  title =        {Some Properties of Conversion},
  journal =      {Transactions of the American Mathematical Society},
  year =         1936,
  volume =    39,
  number =    3,
  pages =     {472--482},
  note =      {Available at \url{http://www.jstor.org/pss/1989762}}}

