@Article{kleene81:_origin_recur_funct_theor,
  author =       {Stephen C. Kleene},
  title =        {Origins of Recursive Function Theory},
  journal =      {IEEE Annals of the History of Computing},
  year =         1981,
  volume =    3,
  pages =     {52--67}}

@Article{plotkin77:_lcf_consid_as_progr_languag,
  author = 	 {Gordon Plotkin},
  title = 	 {LCF Considered as a Programming Language},
  journal = 	 {Theoretical Computer Science},
  year = 	 1977,
  volume = 	 5,
  pages = 	 {223--255},
  note = 	 {Available at \url{http://homepages.inf.ed.ac.uk/gdp/publications/LCF.pdf}}},
  OPTannote = 	 {}
}

@Unpublished{longley99:_unify_typed_and_untyp_realiz,
  author = 	 {John Longley},
  title = 	 {Unifying typed and untyped realizability},
  note = 	 {Available at \url{http://homepages.inf.ed.ac.uk/jrl/Research/unifying.txt}},
  year = 	 1999}

@Article{church36:_some_proper_of_conver,
  author =       {Alonzo Church and J. B. Rosser},
  title =        {Some Properties of Conversion},
  journal =      {Transactions of the American Mathematical Society},
  year =         1936,
  volume =    39,
  number =    3,
  pages =     {472--482},
  note =      {Available at \url{http://www.jstor.org/pss/1989762}}}


@Article{turing37:_comput_number_with_applic_to_entsc,
  author = 	 {Alan Turing},
  title = 	 {On Computable Numbers, with an Application to the Entscheidungsproblem},
  journal = 	 {Proceedings of the London Mathematical Society},
  year = 	 1937,
  volume = 	 2,
  number = 	 42,
  pages = 	 {230--265},
  note =         {Available at \url{http://www.scribd.com/doc/2937039/Alan-M-Turing-On-Computable-Numbers}}
}


@Article{escardo04:_synth,
  author = 	 {Escard{\'o}, Mart{\'\i}n},
  title = 	 {Synthetic topology of data types and classical spaces},
  journal = 	 {Electronic Notes in Theoretical Computer Science},
  year = 	 2004,
  volume =	 87,
  pages =	 {21--156}
}

@Misc{escardo08:blog,
  author = 	 {Escard{\'o}, Mart{\'\i}n},
  title = 	 {A Haskell monad for infinite search in finite time},
  howpublished = {Mathematics and computation blog \url{http://math.andrej.com/}}},
  month = 	 {November},
  year = 	 2008}

@InCollection{fenstad74:_axiomatizing_recursion_theory,
  author = 	 {J.E. Fenstad},
  title = 	 {On axiomatizing recursion theory},
  booktitle = 	 {Generalized Recursion Theory},
  pages =	 {385--404},
  publisher =	 {North Holland},
  year =	 1974,
  editor =	 {{J.E. Fenstadt et al.}}
}

@InProceedings{friedman71:_axiom,
  author = 	 {H. Friedman},
  title = 	 {Axiomatic recursive function theory},
  booktitle = 	 {Logic Colloquium '69},
  pages =	 {113--137},
  year =	 1971,
  editor =	 {{Gandy et al.}},
  publisher =	 {North Holland}
}

@Book{h.r.92:_theor_recur_funct_effec_comput,
  author =	 {H.R. Rogers, Jr.},
  title = 	 {Theory of Recursive Functions and Effective Computability},
  publisher = 	 {MIT Press},
  year = 	 1992,
  edition =	 {3rd}
}



@InProceedings{moschovakis71:_axiom,
  author = 	 {Y.N. Moschovakis},
  title = 	 {Axioms for computation theories -- First draft},
  booktitle = 	 {Logic Colloquium '69},
  pages =	 {199--255},
  year =	 1971,
  editor =	 {{Gandy et al.}},
  publisher =	 {North Holland}
}

@Book{soare87:_recur_enumer_sets_degrees,
  author =	 {R.I. Soare},
  title = 	 {Recursively Enumerable Sets and Degrees},
  publisher = 	 {Springer Verlag},
  year = 	 1987,
  series =	 {Perspectives in Mathematical Logic}
}

@Book{davis58:_comput_unsol,
  author =	 {M. Davis},
  title = 	 {Computability and Unsolvability},
  publisher = 	 {McGraw-Hill},
  year = 	 1958,
  note =	 {Reprinted in 1982 by Dover Publications}
}

@Book{ersov80:_enumerations,
  author =	 {Y.L. Ershov},
  title = 	 {The theory of enumerations},
  publisher = 	 {Nauka},
  year = 	 1980
}

@InProceedings{hyland91:_first_steps_synthe_domain_theor,
  author = 	 {J.M.E. Hyland},
  title = 	 {First Steps in Synthetic Domain Theory},
  booktitle = 	 {Category Theory},
  year =	 1991,
  number =	 1488,
  series =	 {Lecture Notes in Mathematics}
}

@inproceedings{HylandJ:efft,
   author =   {J.M.E. Hyland},
   title =    {The effective topos},
   pages =    {165-216},
   editor =   {A.S. Troelstra and D. Van Dalen},
   booktitle ={The {L.E.J. Brouwer} Centenary Symposium},
   publisher ={North Holland Publishing Company},
   year =     1982
}

@phdthesis{McCartyD:reaarm,
   author =  {D.C. McCarty},
   title =   {Realizability and Recursive Mathematics},
   year =    1984,
   school =  {University of Oxford},
   type =    {D.{P}hil. {T}hesis}
}

@article{MulryP:genbft,
   author =  {P. Mulry},
   title =   {Generalized {B}anach-{M}azur Functionals 
		  in the Topos of Recursive Sets},
   journal = {Journal of Pure and Applied Algebra},
   year =    1982,
   volume =  26,
   pages =   {71--83}
}


@Book{odifreddi89:_class_recur_theor,
  author =	 {P. Odifreddi},
  title = 	 {Classical Recursion Theory},
  publisher = 	 {North-Holland},
  year = 	 1989,
  volume =	 125,
  series =	 {Studies in logic and the foundations of mathematics}
}

@Article{richman83:_thesis_tears,
  author = 	 {F. Richman},
  title = 	 {Church's Thesis without Tears},
  journal = 	 {The Journal of Symbolic Logic},
  year = 	 1983,
  volume =	 48,
  number =	 3,
  pages =	 {797--803},
  month =	 {September}
}

@PhdThesis{RosoliniG:cet,
  author = 	 {G. Rosolini},
  title = 	 {Continuity and Effectiveness in Topoi},
  school = 	 {University of Oxford},
  year = 	 1986,
}

@Article{spreen98:_oen_effec_topol_spaces,
  author =	"D. Spreen",
  title =	"On Effective Topological Spaces",
  year =	1998,
  month =	"March",
  journal =	"The Journal of Symbolic Logic",
  volume =	63,
  number =	1,
  pages =	"185--221"
}
  


@Article{taylor00:_geomet_stone,
  author = 	 {P. Taylor},
  title = 	 {Geometric and higher order logic using abstract {S}tone duality},
  journal = 	 {Theory and Applications of Categories},
  year = 	 2000,
  volume =	 15,
  number =	 7,
  pages =	 {284--338}
}

@Book{taylor99:_pract_found_mathem,
  author =	 {P. Taylor},
  title = 	 {Practical Foundations of Mathematics},
  publisher = 	 {Cambridge University Press},
  year = 	 1999,
  number =	 59,
  series =	 {Cambridge Studies in Advanced Mathematics}
}

@Book{TD88,
  author = {Troelstra, A.S. and Dalen, D. van},
  title = {Constructivism in Mathematics, Volume 1},
  year = {1988},
  series = {Studies in Logic and the Foundations of Mathematics},
  volume = {121},
  publisher = {North-Holland},
  address = {Amsterdam}
}

@Book{TD88a,
  author = {Troelstra, A.S. and Dalen, D. van},
  title = {Constructivism in Mathematics, Volume 2},
  year = {1988},
  series = {Studies in Logic and the Foundations of Mathematics},
  volume = {123},
  publisher = {North-Holland},
  address = {Amsterdam}
}

@Article{Berger:93,
  author = 	 "U. Berger",
  title = 	 "Total Sets and Objects in Domain Theory",
  journal =	 "Annals of Pure and Applied Logic",
  year =	 "1993",
  volume =	 "60",
  pages =	 "91--117"
}


@TechReport{goldstein47:_repor_mathem_and_logic_aspec,
  author = 	 {Goldstein, H. and von Neumann, J. and Burks, A.},
  title = 	 {Report on the mathematical and logical aspects of an electronic computing instrument},
  institution =  {Princeton Institute of advanced study},
  year = 	 1947}


@Article{kleene43:_recur_predic_and_quant,
  author = 	 {Steephen Kleene},
  title = 	 {Recursive predicates and quantifiers},
  journal = 	 {Transactions of the AMS},
  year = 	 1943,
  volume = 	 53,
  number = 	 1,
  pages = 	 {41--73}}

@InCollection{scott72:_contin_lattic,
  author = 	 {Dana S. Scott},
  title = 	 {Continuous Lattices},
  booktitle = 	 {Lecture Notes in Mathematics 274},
  pages = 	 {97--136},
  publisher = {Springer},
  year = 	 1972}

@Article{church32:_set_of_postul_for_found_of_logic,
  author =       {Alonzo Church},
  title =        {A set of postulates for the foundation of logic},
  journal =      {Annals of Mathematics, Series 2},
  year =         1932,
  volume =    33,
  pages =     {346--366}}


@Article{hamkins00:_infin_turin,
  author =       {J. D. Hamkins and A. Lewis},
  title =        {Infinite time Turing machines},
  journal =      {Journal of Symbolic Logic},
  year =         2000,
  volume =    65,
  number =    2,
  pages =     {567--604}}

@Article{Plotkin:78,
  author =       {G. Plotkin},
  title =        {{$\mathbb{T}^\omega$} as a Universal Domain},
  journal =      {Journal of Computer and System Sciences},
  year =         1978,
  number =       17,
  pages =        {209--236}
}

@InCollection{Gunter:Scott:90,
  author =      "C.A. Gunter and D.S. Scott",
  title =       "Semantic Domains",
  booktitle =   "Handbook of Theoretical Computer Science",
  publisher =   "Elsevier Science Publisher",
  year =        "1990",
  editor =      "J. van Leeuwen",  
  page =        "635--674"
}

@Book{oosten08:_realiz,
  author =    {Jaap van Oosten},
  title =        {Realizability: An Introduction To Its Categorical Side},
  publisher =    {Elsevier},
  year =         2008,
  volume =    152,
  series =    {Studies in logic and the foundations of mathematics}}

@Article{longley99:_match,
  author =       {John Longley},
  title =        {Matching typed and untyped realizability},
  journal =      {Electronic Notes in Theoretical Computer Science},
  year =         1999,
  volume =    23,
  number =    1,
  note = {\url{https://doi.org/10.1016/S1571-0661(04)00105-7}},
  pages =     {74--100}}

@Article{longley14:_comput,
  author =       {John Longley},
  title =        {Computability structures, simulations and realizability},
  journal =      {Mathematical Structures in Computer Science},
  year =         2014,
  volume =    24,
  number =    1,
  note =      {\url{https://doi.org/10.1017/S0960129513000182}}}


@PhdThesis{Longley:94,
  author =       {John Longley},
  title =        {Realizability Toposes and Language Semantics},
  school =       {University of Edinburgh},
  year =         {1994}
}

@PhdThesis{Lietz:04,
  author =       "Peter Lietz",
  title =        "From Constructive Mathematics to Computable Analysis via the Realizability Interpretation",
  school =       "Technischen Universität Darmstadt",
  year =         2004
}

@PhdThesis{bauer00,
  author =       {Andrej Bauer},
  title =        {The Realizability Approach to Computable Analysis and Topology},
  school =       {Carnegie Mellon University},
  year =         2000}

@article{bauer10:_canon_effec_subal_class_algeb,
  author    = {Andrej Bauer and Jens Blanck},
  title     = {Canonical Effective Subalgebras of Classical Algebras as Constructive Metric Completions},
  journal   = {Journal of Universal Computer Science},
  volume    = 16,
  number    = 18,
  pages     = {2496--2522},
  year      = 2010
}

@Book{kusner84:_lectur_const_mathem_analy,
  author =    {B. A. Kušner},
  title =        {Lectures on Constructive Mathematical Analysis},
  publisher =    {American Mathematical Society},
  year =         1984,
  volume =    60,
  series =    {Translations of Mathematical Monographs}}

@Book{sanin68:_const_real_number_const_funct_spaces,
  author =    {N. Šanin},
  title =        {Constructive Real Numbers and Constructive Function Spaces},
  publisher =    {American Mathematical Society},
  year =         1968,
  volume =    21,
  series =    {Translations of Mathematical Monographs}}

@Book{bridges87:_variet_const_mathem,
  author =    {Douglas Bridges and Fred Richman},
  title =        {Varieties of Constructive Mathematics},
  publisher =    {Cambridge University Press},
  year =         1987,
  volume =    97,
  series =    {London Mathematical Society Lecture Notes Series}}

@InBook{ersov99:_handb_comput_theor,
  author =    {Yuri L. Eršov},
  title =        {Handbook of Computability Theory},
  chapter =      {Theory of numberings},
  publisher =    {Springer},
  year =         1999,
  volume =    140,
  series =    {Studies in Logic and the Foundations of Mathematics},
  pages =     {473--503}}

@Article{Spreen:98,
  author =	"D. Spreen",
  title =	"On Effective Topological Spaces",
  year =	"1998",
  month =	"March",
  journal =	"The Journal of Symbolic Logic",
  volume =	"63",
  number =	"1",
  pages =	"185--221"
}
  
@Book{brattka21:_handb_comput_compl_analy,
  editor =    {Vasco Brattka and Peter Hertling},
  title =        {Handbook of Computability and Complexity in Analysis},
  publisher =    {Springer},
  year =         2021,
  series =    {Theory and Applications of Computability}}

@InBook{schroder21:_handb_comput_compl_analy,
  author =    {Matthias Schröder},
  title =        {Handbook of Computability and Complexity in Analysis},
  chapter =      {Admissibly represented spaces and {QCB}-spaces},
  publisher =    {Springer},
  year =         2021,
  pages =     {305--346}}


@Article{Bauer02,
  author    = {Andrej Bauer},
  title     = {A Relationship between Equilogical Spaces and Type Two Effectivity},
  journal   = {Mathematical Logic Quarterly},
  volume    = 48,
  number    = {{S1}},
  pages     = {1--15},
  year      = 2002
}

@article{menni02:_topol_limit_space_subcat_count,
  author    = {Mat{\'{\i}}as Menni and Alex K. Simpson},
  title     = {Topological and Limit-Space Subcategories of Countably-Based Equilogical Spaces},
  journal   = {Mathematical Structures in Computer Science},
  volume    = 12,
  number    = 6,
  pages     = {739--770},
  year      = 2002,
}

